@misc{Ho:2022,
  doi = {10.48550/ARXIV.2207.12598},
  
  url = {https://arxiv.org/abs/2207.12598},
  
  author = {Ho, Jonathan and Salimans, Tim},
  
  keywords = {Machine Learning (cs.LG), Artificial Intelligence (cs.AI), FOS: Computer and information sciences, FOS: Computer and information sciences},
  
  title = {Classifier-Free Diffusion Guidance},
  
  publisher = {arXiv},
  
  year = {2022},
  
  copyright = {arXiv.org perpetual, non-exclusive license}
}

@article{SohlDickstein:2015,
  author    = {Jascha Sohl{-}Dickstein and
               Eric A. Weiss and
               Niru Maheswaranathan and
               Surya Ganguli},
  title     = {Deep Unsupervised Learning using Nonequilibrium Thermodynamics},
  journal   = {CoRR},
  volume    = {abs/1503.03585},
  year      = {2015},
  url       = {http://arxiv.org/abs/1503.03585},
  eprinttype = {arXiv},
  eprint    = {1503.03585},
  timestamp = {Mon, 13 Aug 2018 16:47:30 +0200},
  biburl    = {https://dblp.org/rec/journals/corr/Sohl-DicksteinW15.bib},
  bibsource = {dblp computer science bibliography, https://dblp.org}
}

@misc{Dhariwal:2021,
  doi = {10.48550/ARXIV.2105.05233},
  
  url = {https://arxiv.org/abs/2105.05233},
  
  author = {Dhariwal, Prafulla and Nichol, Alex},
  
  keywords = {Machine Learning (cs.LG), Artificial Intelligence (cs.AI), Computer Vision and Pattern Recognition (cs.CV), Machine Learning (stat.ML), FOS: Computer and information sciences, FOS: Computer and information sciences},
  
  title = {Diffusion Models Beat GANs on Image Synthesis},
  
  publisher = {arXiv},
  
  year = {2021},
  
  copyright = {arXiv.org perpetual, non-exclusive license}
}

@misc{Khungurn:2022a,
    author = {Pramook Khungurn},
    title = {Nichol and Dhariwal on DDPM (2021)},
    howpublished = {\url{https://pkhungurn.github.io/notes/notes/ml/ddpm-nichol-dhariwal-2021/ddpm-nichol-dhariwal-2021.pdf}},
    note = {Accessed: 2022-11-08},
    year = 2022
}

@misc{Toussaint:2011,
    author = {Marc Toussaint},
    title = {Lecture Notes: Gaussian identities},
    howpublished = {\url{https://www.user.tu-berlin.de/mtoussai/notes/gaussians.pdf}},
    note = {Accessed: 2022-11-08},
    year = 2011
}

@inproceedings{Ho:2020,
 author = {Ho, Jonathan and Jain, Ajay and Abbeel, Pieter},
 booktitle = {Advances in Neural Information Processing Systems},
 editor = {H. Larochelle and M. Ranzato and R. Hadsell and M.F. Balcan and H. Lin},
 pages = {6840--6851},
 publisher = {Curran Associates, Inc.},
 title = {Denoising Diffusion Probabilistic Models},
 url = {https://proceedings.neurips.cc/paper/2020/file/4c5bcfec8584af0d967f1ab10179ca4b-Paper.pdf},
 volume = {33},
 year = {2020}
}
