@article{Karras:2017,
  author    = {Tero Karras and
               Timo Aila and
               Samuli Laine and
               Jaakko Lehtinen},
  title     = {Progressive Growing of GANs for Improved Quality, Stability, and Variation},
  journal   = {CoRR},
  volume    = {abs/1710.10196},
  year      = {2017},
  url       = {http://arxiv.org/abs/1710.10196},
  archivePrefix = {arXiv},
  eprint    = {1710.10196},
  timestamp = {Mon, 13 Aug 2018 16:46:42 +0200},
  biburl    = {https://dblp.org/rec/bib/journals/corr/abs-1710-10196},
  bibsource = {dblp computer science bibliography, https://dblp.org}
}

@article{Karras:2018,
  author    = {Tero Karras and
               Samuli Laine and
               Timo Aila},
  title     = {A Style-Based Generator Architecture for Generative Adversarial Networks},
  journal   = {CoRR},
  volume    = {abs/1812.04948},
  year      = {2018},
  url       = {http://arxiv.org/abs/1812.04948},
  archivePrefix = {arXiv},
  eprint    = {1812.04948},
  timestamp = {Tue, 01 Jan 2019 15:01:25 +0100},
  biburl    = {https://dblp.org/rec/bib/journals/corr/abs-1812-04948},
  bibsource = {dblp computer science bibliography, https://dblp.org}
}

@article{Huang:2017,
  author    = {Xun Huang and
               Serge J. Belongie},
  title     = {Arbitrary Style Transfer in Real-time with Adaptive Instance Normalization},
  journal   = {CoRR},
  volume    = {abs/1703.06868},
  year      = {2017},
  url       = {http://arxiv.org/abs/1703.06868},
  archivePrefix = {arXiv},
  eprint    = {1703.06868},
  timestamp = {Mon, 13 Aug 2018 16:46:12 +0200},
  biburl    = {https://dblp.org/rec/bib/journals/corr/HuangB17},
  bibsource = {dblp computer science bibliography, https://dblp.org}
}