@misc{Lipman:2023,
      title={Flow Matching for Generative Modeling}, 
      author={Yaron Lipman and Ricky T. Q. Chen and Heli Ben-Hamu and Maximilian Nickel and Matt Le},
      year={2023},
      eprint={2210.02747},
      archivePrefix={arXiv},
      primaryClass={cs.LG},
      url={https://arxiv.org/abs/2210.02747}, 
}

@misc{Chen:2019,
      title={Neural Ordinary Differential Equations}, 
      author={Ricky T. Q. Chen and Yulia Rubanova and Jesse Bettencourt and David Duvenaud},
      year={2019},
      eprint={1806.07366},
      archivePrefix={arXiv},
      primaryClass={cs.LG},
      url={https://arxiv.org/abs/1806.07366}, 
}

@misc{Khungurn:neuralODE,
  author={Pramook Khungurn},
  title = {Neural Ordinary Differential Equations},
  howpublished = {\url{https://pkhungurn.github.io/notes/notes/ml/neural-ode/neural-ode.pdf}},
  note = {Accessed: 2024-07-19}
}

@misc{Khungurn:ProbXform,
  author={Pramook Khungurn},
  title={Probability Under Transformation},
  howpublished = {\url{https://pkhungurn.github.io/notes/notes/gfx/pdf-transform/pdf-transform.pdf}},
  note = {Accessed: 2024-07-22},
}

@misc{Khungurn:Notation,
  author = {Pramook Khungurn},
  title = {Notation for Multivariable Derivatives},
  howpublished = {\url{https://pkhungurn.github.io/notes/notes/math/multivar-deriv-notations/multivar-deriv-notations.pdf}},
  note = {Accessed: 2024-07-22},
}

@article{McCann:1997,
title = {A Convexity Principle for Interacting Gases},
journal = {Advances in Mathematics},
volume = {128},
number = {1},
pages = {153-179},
year = {1997},
issn = {0001-8708},
doi = {https://doi.org/10.1006/aima.1997.1634},
url = {https://www.sciencedirect.com/science/article/pii/S0001870897916340},
author = {Robert J. McCann},
abstract = {A new set of inequalities is introduced, based on a novel but natural interpolation between Borel probability measures onRd. Using these estimates in lieu of convexity or rearrangement inequalities, the existence and uniqueness problems are solved for a family of attracting gas models. In these models, the gas interacts with itself through a force which increases with distance and is governed by an equation of stateP=P(ϱ) relating pressure to density.P(ϱ)/ϱ>(d−1)/dis assumed non-decreasing for ad-dimensional gas. By showing that the internal and potential energies for the system are convex functions of the interpolation parameter, an energy minimizing state—unique up to translation—is proven to exist. The concavity established for ¶ρt¶−p/dqas a function oft∈[0,1] generalizes the Brunn–Minkowski inequality from sets to measures.}
}

@article{Brenier:1991,
  title={Polar factorization and monotone rearrangement of vector-valued functions},
  author={Brenier, Yann},
  journal={Communications on pure and applied mathematics},
  volume={44},
  number={4},
  pages={375--417},
  year={1991},
  publisher={Wiley Online Library}
}

@misc{Peyre:BreinerTheoremTweet,
  author={Gabriel Peyr\'{e}},
  title={Tweet on {B}renier's Theorem},  
  howpublished = {\url{https://twitter.com/gabrielpeyre/status/1609066824238354434}},
  note = {Accessed: 2024-07-24},
}

@misc{Liu:2022,
      title={Flow Straight and Fast: Learning to Generate and Transfer Data with Rectified Flow}, 
      author={Xingchao Liu and Chengyue Gong and Qiang Liu},
      year={2022},
      eprint={2209.03003},
      archivePrefix={arXiv},
      primaryClass={cs.LG},
      url={https://arxiv.org/abs/2209.03003}, 
}

@misc{Ho:2020,
      title={Denoising Diffusion Probabilistic Models}, 
      author={Jonathan Ho and Ajay Jain and Pieter Abbeel},
      year={2020},
      eprint={2006.11239},
      archivePrefix={arXiv},
      primaryClass={cs.LG},
      url={https://arxiv.org/abs/2006.11239}, 
}

@misc{Song:SDE:2021,
      title={Score-Based Generative Modeling through Stochastic Differential Equations}, 
      author={Yang Song and Jascha Sohl-Dickstein and Diederik P. Kingma and Abhishek Kumar and Stefano Ermon and Ben Poole},
      year={2021},
      eprint={2011.13456},
      archivePrefix={arXiv},
      primaryClass={cs.LG},
      url={https://arxiv.org/abs/2011.13456}, 
}

@misc{Song:ScoreFlow:2021,
      title={Maximum Likelihood Training of Score-Based Diffusion Models}, 
      author={Yang Song and Conor Durkan and Iain Murray and Stefano Ermon},
      year={2021},
      eprint={2101.09258},
      archivePrefix={arXiv},
      primaryClass={stat.ML},
      url={https://arxiv.org/abs/2101.09258}, 
}

@article{Saharia:2021,
title={Image super-resolution via iterative refinement},
author={Saharia, Chitwan and Ho, Jonathan and Chan, William and Salimans, Tim and Fleet, David J and Norouzi, Mohammad},
journal={arXiv:2104.07636},
year={2021}
}

@misc{Daras:2024,
      title={A Survey on Diffusion Models for Inverse Problems}, 
      author={Giannis Daras and Hyungjin Chung and Chieh-Hsin Lai and Yuki Mitsufuji and Jong Chul Ye and Peyman Milanfar and Alexandros G. Dimakis and Mauricio Delbracio},
      year={2024},
      eprint={2410.00083},
      archivePrefix={arXiv},
      primaryClass={cs.LG},
      url={https://arxiv.org/abs/2410.00083}, 
}

@inproceedings{Blau:2018,
   title={The Perception-Distortion Tradeoff},
   url={http://dx.doi.org/10.1109/CVPR.2018.00652},
   DOI={10.1109/cvpr.2018.00652},
   booktitle={2018 IEEE/CVF Conference on Computer Vision and Pattern Recognition},
   publisher={IEEE},
   author={Blau, Yochai and Michaeli, Tomer},
   year={2018},
   month=jun, pages={6228–6237} }

@misc{Delbracio:2024,
      title={Inversion by Direct Iteration: An Alternative to Denoising Diffusion for Image Restoration}, 
      author={Mauricio Delbracio and Peyman Milanfar},
      year={2024},
      eprint={2303.11435},
      archivePrefix={arXiv},
      primaryClass={eess.IV},
      url={https://arxiv.org/abs/2303.11435}, 
}

@misc{Li:SRDiff:2021,
      title={SRDiff: Single Image Super-Resolution with Diffusion Probabilistic Models}, 
      author={Haoying Li and Yifan Yang and Meng Chang and Huajun Feng and Zhihai Xu and Qi Li and Yueting Chen},
      year={2021},
      eprint={2104.14951},
      archivePrefix={arXiv},
      primaryClass={cs.CV},
      url={https://arxiv.org/abs/2104.14951}, 
}

@misc{Whang:2021,
      title={Deblurring via Stochastic Refinement}, 
      author={Jay Whang and Mauricio Delbracio and Hossein Talebi and Chitwan Saharia and Alexandros G. Dimakis and Peyman Milanfar},
      year={2021},
      eprint={2112.02475},
      archivePrefix={arXiv},
      primaryClass={cs.CV},
      url={https://arxiv.org/abs/2112.02475}, 
}

@misc{Saharia:Palette:2022,
      title={Palette: Image-to-Image Diffusion Models}, 
      author={Chitwan Saharia and William Chan and Huiwen Chang and Chris A. Lee and Jonathan Ho and Tim Salimans and David J. Fleet and Mohammad Norouzi},
      year={2022},
      eprint={2111.05826},
      archivePrefix={arXiv},
      primaryClass={cs.CV},
      url={https://arxiv.org/abs/2111.05826}, 
}

@misc{Luo:MRSDE:2023,
      title={Image Restoration with Mean-Reverting Stochastic Differential Equations}, 
      author={Ziwei Luo and Fredrik K. Gustafsson and Zheng Zhao and Jens Sjölund and Thomas B. Schön},
      year={2023},
      eprint={2301.11699},
      archivePrefix={arXiv},
      primaryClass={cs.LG},
      url={https://arxiv.org/abs/2301.11699}, 
}

@misc{Luo:Refusion:2023,
      title={Refusion: Enabling Large-Size Realistic Image Restoration with Latent-Space Diffusion Models}, 
      author={Ziwei Luo and Fredrik K. Gustafsson and Zheng Zhao and Jens Sjölund and Thomas B. Schön},
      year={2023},
      eprint={2304.08291},
      archivePrefix={arXiv},
      primaryClass={cs.CV},
      url={https://arxiv.org/abs/2304.08291}, 
}

@misc{Zhang:ControlNet:2023,
      title={Adding Conditional Control to Text-to-Image Diffusion Models}, 
      author={Lvmin Zhang and Anyi Rao and Maneesh Agrawala},
      year={2023},
      eprint={2302.05543},
      archivePrefix={arXiv},
      primaryClass={cs.CV},
      url={https://arxiv.org/abs/2302.05543}, 
}

@article{Anderson:1982,
title = {Reverse-time diffusion equation models},
journal = {Stochastic Processes and their Applications},
volume = {12},
number = {3},
pages = {313-326},
year = {1982},
issn = {0304-4149},
doi = {https://doi.org/10.1016/0304-4149(82)90051-5},
url = {https://www.sciencedirect.com/science/article/pii/0304414982900515},
author = {Brian D.O. Anderson},
abstract = {Reverse-time stochastic diffusion equation models are defined and it is shown how most processes defined via a forward-time or conventional diffusion equation model have an associated reverse-time model.}
}

@misc{Karras:EDM:2022,
      title={Elucidating the Design Space of Diffusion-Based Generative Models}, 
      author={Tero Karras and Miika Aittala and Timo Aila and Samuli Laine},
      year={2022},
      eprint={2206.00364},
      archivePrefix={arXiv},
      primaryClass={cs.CV},
      url={https://arxiv.org/abs/2206.00364}, 
}

@misc{Song:DDIM:2022,
      title={Denoising Diffusion Implicit Models}, 
      author={Jiaming Song and Chenlin Meng and Stefano Ermon},
      year={2022},
      eprint={2010.02502},
      archivePrefix={arXiv},
      primaryClass={cs.LG},
      url={https://arxiv.org/abs/2010.02502}, 
}

@misc{Gupta:2024,
      title={Diffusion Posterior Sampling is Computationally Intractable}, 
      author={Shivam Gupta and Ajil Jalal and Aditya Parulekar and Eric Price and Zhiyang Xun},
      year={2024},
      eprint={2402.12727},
      archivePrefix={arXiv},
      primaryClass={cs.LG},
      url={https://arxiv.org/abs/2402.12727}, 
}

@misc{Jalal:ScoreALD:2021,
      title={Robust Compressed Sensing MRI with Deep Generative Priors}, 
      author={Ajil Jalal and Marius Arvinte and Giannis Daras and Eric Price and Alexandros G. Dimakis and Jonathan I. Tamir},
      year={2021},
      eprint={2108.01368},
      archivePrefix={arXiv},
      primaryClass={cs.LG},
      url={https://arxiv.org/abs/2108.01368}, 
}

@misc{Choi:ILVR:2021,
      title={ILVR: Conditioning Method for Denoising Diffusion Probabilistic Models}, 
      author={Jooyoung Choi and Sungwon Kim and Yonghyun Jeong and Youngjune Gwon and Sungroh Yoon},
      year={2021},
      eprint={2108.02938},
      archivePrefix={arXiv},
      primaryClass={cs.CV},
      url={https://arxiv.org/abs/2108.02938}, 
}

@misc{Chung:DPS:2024,
      title={Diffusion Posterior Sampling for General Noisy Inverse Problems}, 
      author={Hyungjin Chung and Jeongsol Kim and Michael T. Mccann and Marc L. Klasky and Jong Chul Ye},
      year={2024},
      eprint={2209.14687},
      archivePrefix={arXiv},
      primaryClass={stat.ML},
      url={https://arxiv.org/abs/2209.14687}, 
}