@inproceedings{Chen:2018,
 author = {Chen, Ricky T. Q. and Rubanova, Yulia and Bettencourt, Jesse and Duvenaud, David K},
 booktitle = {Advances in Neural Information Processing Systems},
 editor = {S. Bengio and H. Wallach and H. Larochelle and K. Grauman and N. Cesa-Bianchi and R. Garnett},
 pages = {},
 publisher = {Curran Associates, Inc.},
 title = {Neural Ordinary Differential Equations},
 url = {https://proceedings.neurips.cc/paper/2018/file/69386f6bb1dfed68692a24c8686939b9-Paper.pdf},
 volume = {31},
 year = {2018}
}

@article{He:2015,
  author    = {Kaiming He and
               Xiangyu Zhang and
               Shaoqing Ren and
               Jian Sun},
  title     = {Deep Residual Learning for Image Recognition},
  journal   = {CoRR},
  volume    = {abs/1512.03385},
  year      = {2015},
  url       = {http://arxiv.org/abs/1512.03385},
  eprinttype = {arXiv},
  eprint    = {1512.03385},
  timestamp = {Wed, 17 Apr 2019 17:23:45 +0200},
  biburl    = {https://dblp.org/rec/journals/corr/HeZRS15.bib},
  bibsource = {dblp computer science bibliography, https://dblp.org}
}

@misc{Rezende:2015,
  doi = {10.48550/ARXIV.1505.05770},
  
  url = {https://arxiv.org/abs/1505.05770},
  
  author = {Rezende, Danilo Jimenez and Mohamed, Shakir},
  
  keywords = {Machine Learning (stat.ML), Artificial Intelligence (cs.AI), Machine Learning (cs.LG), Computation (stat.CO), Methodology (stat.ME), FOS: Computer and information sciences, FOS: Computer and information sciences},
  
  title = {Variational Inference with Normalizing Flows},
  
  publisher = {arXiv},
  
  year = {2015},
  
  copyright = {arXiv.org perpetual, non-exclusive license}
}

@misc{Dinh:2014,
  doi = {10.48550/ARXIV.1410.8516},
  
  url = {https://arxiv.org/abs/1410.8516},
  
  author = {Dinh, Laurent and Krueger, David and Bengio, Yoshua},
  
  keywords = {Machine Learning (cs.LG), FOS: Computer and information sciences, FOS: Computer and information sciences},
  
  title = {NICE: Non-linear Independent Components Estimation},
  
  publisher = {arXiv},
  
  year = {2014},
  
  copyright = {arXiv.org perpetual, non-exclusive license}
}
