@article{dumoulin:2018,
  author = {Dumoulin, Vincent and Perez, Ethan and Schucher, Nathan and Strub, Florian and Vries, Harm de and Courville, Aaron and Bengio, Yoshua},
  title = {Feature-wise transformations},
  journal = {Distill},
  year = {2018},
  note = {https://distill.pub/2018/feature-wise-transformations},
  doi = {10.23915/distill.00011}
}

 @article{Pumarola:2019,
    title={GANimation: One-Shot Anatomically Consistent Facial Animation},
    author={A. Pumarola and A. Agudo and A.M. Martinez and A. Sanfeliu and F. Moreno-Noguer},
    booktitle={International Journal of Computer Vision (IJCV)},
    year={2019}
}

@article{Johnson:2016,
  author    = {Justin Johnson and
               Bharath Hariharan and
               Laurens van der Maaten and
               Li Fei{-}Fei and
               C. Lawrence Zitnick and
               Ross B. Girshick},
  title     = {{CLEVR:} {A} Diagnostic Dataset for Compositional Language and Elementary
               Visual Reasoning},
  journal   = {CoRR},
  volume    = {abs/1612.06890},
  year      = {2016},
  url       = {http://arxiv.org/abs/1612.06890},
  archivePrefix = {arXiv},
  eprint    = {1612.06890},
  timestamp = {Sat, 19 Oct 2019 16:30:04 +0200},
  biburl    = {https://dblp.org/rec/bib/journals/corr/JohnsonHMFZG16},
  bibsource = {dblp computer science bibliography, https://dblp.org}
}

@article{Perez:2017,
  author    = {Ethan Perez and
               Florian Strub and
               Harm de Vries and
               Vincent Dumoulin and
               Aaron C. Courville},
  title     = {FiLM: Visual Reasoning with a General Conditioning Layer},
  journal   = {CoRR},
  volume    = {abs/1709.07871},
  year      = {2017},
  url       = {http://arxiv.org/abs/1709.07871},
  archivePrefix = {arXiv},
  eprint    = {1709.07871},
  timestamp = {Mon, 13 Aug 2018 16:47:09 +0200},
  biburl    = {https://dblp.org/rec/bib/journals/corr/abs-1709-07871},
  bibsource = {dblp computer science bibliography, https://dblp.org}
}

@article{deVries:2017,
  author    = {Harm de Vries and
               Florian Strub and
               J{\'{e}}r{\'{e}}mie Mary and
               Hugo Larochelle and
               Olivier Pietquin and
               Aaron C. Courville},
  title     = {Modulating early visual processing by language},
  journal   = {CoRR},
  volume    = {abs/1707.00683},
  year      = {2017},
  url       = {http://arxiv.org/abs/1707.00683},
  archivePrefix = {arXiv},
  eprint    = {1707.00683},
  timestamp = {Mon, 13 Aug 2018 16:47:10 +0200},
  biburl    = {https://dblp.org/rec/bib/journals/corr/VriesSMLPC17},
  bibsource = {dblp computer science bibliography, https://dblp.org}
}

@article{Antol:2015,
  author    = {Stanislaw Antol and
               Aishwarya Agrawal and
               Jiasen Lu and
               Margaret Mitchell and
               Dhruv Batra and
               C. Lawrence Zitnick and
               Devi Parikh},
  title     = {{VQA:} Visual Question Answering},
  journal   = {CoRR},
  volume    = {abs/1505.00468},
  year      = {2015},
  url       = {http://arxiv.org/abs/1505.00468},
  archivePrefix = {arXiv},
  eprint    = {1505.00468},
  timestamp = {Mon, 13 Aug 2018 16:48:30 +0200},
  biburl    = {https://dblp.org/rec/bib/journals/corr/AntolALMBZP15},
  bibsource = {dblp computer science bibliography, https://dblp.org}
}

@article{deVries:2017:GuessWhat,
  author    = {Harm de Vries and
               Florian Strub and
               Sarath Chandar and
               Olivier Pietquin and
               Hugo Larochelle and
               Aaron C. Courville},
  title     = {GuessWhat?! Visual object discovery through multi-modal dialogue},
  journal   = {CoRR},
  volume    = {abs/1611.08481},
  year      = {2016},
  url       = {http://arxiv.org/abs/1611.08481},
  archivePrefix = {arXiv},
  eprint    = {1611.08481},
  timestamp = {Mon, 13 Aug 2018 16:48:45 +0200},
  biburl    = {https://dblp.org/rec/bib/journals/corr/VriesSCPLC16},
  bibsource = {dblp computer science bibliography, https://dblp.org}
}

@article{Kim:2016,
  author    = {Jin{-}Hwa Kim and
               Kyoung Woon On and
               Woosang Lim and
               Jeonghee Kim and
               JungWoo Ha and
               Byoung{-}Tak Zhang},
  title     = {Hadamard Product for Low-rank Bilinear Pooling},
  journal   = {CoRR},
  volume    = {abs/1610.04325},
  year      = {2016},
  url       = {http://arxiv.org/abs/1610.04325},
  archivePrefix = {arXiv},
  eprint    = {1610.04325},
  timestamp = {Thu, 08 Aug 2019 14:17:22 +0200},
  biburl    = {https://dblp.org/rec/bib/journals/corr/KimOKHZ16},
  bibsource = {dblp computer science bibliography, https://dblp.org}
}



@article{Ghiasi:2017,
  author    = {Golnaz Ghiasi and
               Honglak Lee and
               Manjunath Kudlur and
               Vincent Dumoulin and
               Jonathon Shlens},
  title     = {Exploring the structure of a real-time, arbitrary neural artistic
               stylization network},
  journal   = {CoRR},
  volume    = {abs/1705.06830},
  year      = {2017},
  url       = {http://arxiv.org/abs/1705.06830},
  archivePrefix = {arXiv},
  eprint    = {1705.06830},
  timestamp = {Mon, 13 Aug 2018 16:48:39 +0200},
  biburl    = {https://dblp.org/rec/bib/journals/corr/GhiasiLKDS17},
  bibsource = {dblp computer science bibliography, https://dblp.org}
}

@article{Dumoulin:2016,
  author    = {Vincent Dumoulin and
               Jonathon Shlens and
               Manjunath Kudlur},
  title     = {A Learned Representation For Artistic Style},
  journal   = {CoRR},
  volume    = {abs/1610.07629},
  year      = {2016},
  url       = {http://arxiv.org/abs/1610.07629},
  archivePrefix = {arXiv},
  eprint    = {1610.07629},
  timestamp = {Mon, 13 Aug 2018 16:49:14 +0200},
  biburl    = {https://dblp.org/rec/bib/journals/corr/DumoulinSK16},
  bibsource = {dblp computer science bibliography, https://dblp.org}
}

@article{Huang:2017,
  author    = {Xun Huang and
               Serge J. Belongie},
  title     = {Arbitrary Style Transfer in Real-time with Adaptive Instance Normalization},
  journal   = {CoRR},
  volume    = {abs/1703.06868},
  year      = {2017},
  url       = {http://arxiv.org/abs/1703.06868},
  archivePrefix = {arXiv},
  eprint    = {1703.06868},
  timestamp = {Mon, 13 Aug 2018 16:46:12 +0200},
  biburl    = {https://dblp.org/rec/bib/journals/corr/HuangB17},
  bibsource = {dblp computer science bibliography, https://dblp.org}
}

@article{Johnson:2016,
  author    = {Justin Johnson and
               Bharath Hariharan and
               Laurens van der Maaten and
               Li Fei{-}Fei and
               C. Lawrence Zitnick and
               Ross B. Girshick},
  title     = {{CLEVR:} {A} Diagnostic Dataset for Compositional Language and Elementary
               Visual Reasoning},
  journal   = {CoRR},
  volume    = {abs/1612.06890},
  year      = {2016},
  url       = {http://arxiv.org/abs/1612.06890},
  archivePrefix = {arXiv},
  eprint    = {1612.06890},
  timestamp = {Sat, 19 Oct 2019 16:30:04 +0200},
  biburl    = {https://dblp.org/rec/bib/journals/corr/JohnsonHMFZG16},
  bibsource = {dblp computer science bibliography, https://dblp.org}
}