@book{Evans:2013,
  address = {New York},
  author = {Lawrence C. Evans},  
  publisher = {American Mathematical Society},
  title = {An Introduction to Stochastic Differential Equations},
  year = 2013
}

@misc{Morters:2012,
  author = {Peter M\"{o}rters and Yuval Peres},  
  title = {Brownian Motion},
  howpublished = {\url{https://people.bath.ac.uk/maspm/book.pdf}},
  note = {Accessed: 2022-01-21},
  year = 2012
}

@misc{Sarkka:2012,
  author = {Simo S\"{a}rkka\"{a}},  
  title = {Applied Stochastic Differential Equations},
  howpublished = {\url{https://users.aalto.fi/~ssarkka/course_s2012/pdf/sde_course_booklet_2012.pdf}},
  note = {Accessed: 2022-01-21},
  year = 2012
}

@misc{Song:2021,
 author = {Yang Song},
 title = {Generative Modeling by Estimating Gradients of the Data Distribution},
 howpublished = {\url{https://yang-song.github.io/blog/2021/score/index.html}},
 note = {Accessed: 2022-01-21},
 year = 2021
} 