@inproceedings{Muller:2003,
 author = {M\"{u}ller, Matthias and Charypar, David and Gross, Markus},
 title = {Particle-based fluid simulation for interactive applications},
 booktitle = {Proceedings of the 2003 ACM SIGGRAPH/Eurographics symposium on Computer animation},
 series = {SCA '03},
 year = {2003},
 isbn = {1-58113-659-5},
 location = {San Diego, California},
 pages = {154--159},
 numpages = {6},
 url = {http://dl.acm.org/citation.cfm?id=846276.846298},
 acmid = {846298},
 publisher = {Eurographics Association},
 address = {Aire-la-Ville, Switzerland, Switzerland},
} 

@ARTICLE{Monaghan:1992,
   AUTHOR  = {Monaghan, J. J.},
   TITLE   = {Smoothed particle hydrodynamics},  
   YEAR    = {1992},
   JOURNAL = {Ann. Rev. Astron. Astrophys.},
   VOLUME  = {30},   
   PAGES   = {543--574}
}