@book{Haggstrom:2002,
  author = {Olle Häggström},
  title = {Finite Markov Chains and Algorithmic Applications},
  year = 2002
}

@misc{Lee:2012a,
    author = {Stephen S. Lee},
    title = {Markov Chains on Countable State Space},
    howpublished = {\url{https://www.webpages.uidaho.edu/~stevel/565/lectures/5c%20Markov%20chain.pdf}},
    note = {Accessed: 2022-01-15},
    year = 2012
}

@misc{Lee:2012b,
    author = {Stephen S. Lee},
    title = {Markov Chains on Continuous State Space},
    howpublished = {\url{https://www.webpages.uidaho.edu/~stevel/565/lectures/5d%20MCMC.pdf}},
    note = {Accessed: 2022-01-15},
    year = 2012
}

@misc{Kennedy:2016,
    author = {Tom Kennedy},
    title = {Markov chain background},
    howpublished = {\url{https://www.math.arizona.edu/~tgk/mc/book_chap7.pdf}},
    note = {Accessed: 2022-01-15},
    year = 2016
}

@misc{Tolver:2016,
    author = {Anders Tolver},
    title = {An Introduction to Markov Chains},
    howpublished = {\url{http://web.math.ku.dk/noter/filer/stoknoter.pdf}},
    note = {Accessed: 2022-01-15},
    year = 2016
}
