@article{Huang:2017,
  author    = {Xun Huang and
               Serge J. Belongie},
  title     = {Arbitrary Style Transfer in Real-time with Adaptive Instance Normalization},
  journal   = {CoRR},
  volume    = {abs/1703.06868},
  year      = {2017},
  url       = {http://arxiv.org/abs/1703.06868},
  archivePrefix = {arXiv},
  eprint    = {1703.06868},
  timestamp = {Mon, 13 Aug 2018 16:46:12 +0200},
  biburl    = {https://dblp.org/rec/bib/journals/corr/HuangB17},
  bibsource = {dblp computer science bibliography, https://dblp.org}
}

@inproceedings{Gatys:2016,
  author    = {Leon A. Gatys and
               Alexander S. Ecker and
               Matthias Bethge},
  title     = {Image Style Transfer Using Convolutional Neural Networks},
  booktitle = {2016 {IEEE} Conference on Computer Vision and Pattern Recognition,
               {CVPR} 2016, Las Vegas, NV, USA, June 27-30, 2016},
  pages     = {2414--2423},
  year      = {2016},
  crossref  = {DBLP:conf/cvpr/2016},
  url       = {https://doi.org/10.1109/CVPR.2016.265},
  doi       = {10.1109/CVPR.2016.265},
  timestamp = {Thu, 25 May 2017 01:00:00 +0200},
  biburl    = {https://dblp.org/rec/bib/conf/cvpr/GatysEB16},
  bibsource = {dblp computer science bibliography, https://dblp.org}
}

@article{Dumoulin:2016,
  author    = {Vincent Dumoulin and
               Jonathon Shlens and
               Manjunath Kudlur},
  title     = {A Learned Representation For Artistic Style},
  journal   = {CoRR},
  volume    = {abs/1610.07629},
  year      = {2016},
  url       = {http://arxiv.org/abs/1610.07629},
  archivePrefix = {arXiv},
  eprint    = {1610.07629},
  timestamp = {Mon, 13 Aug 2018 16:49:14 +0200},
  biburl    = {https://dblp.org/rec/bib/journals/corr/DumoulinSK16},
  bibsource = {dblp computer science bibliography, https://dblp.org}
}

@article{Ulyanov:2016,
  author    = {Dmitry Ulyanov and
               Vadim Lebedev and
               Andrea Vedaldi and
               Victor S. Lempitsky},
  title     = {Texture Networks: Feed-forward Synthesis of Textures and Stylized
               Images},
  journal   = {CoRR},
  volume    = {abs/1603.03417},
  year      = {2016}
}

@article{Ulyanov:2017,
  author    = {Dmitry Ulyanov and
               Andrea Vedaldi and
               Victor S. Lempitsky},
  title     = {Improved Texture Networks: Maximizing Quality and Diversity in Feed-forward
               Stylization and Texture Synthesis},
  journal   = {CoRR},
  volume    = {abs/1701.02096},
  year      = {2017},
  url       = {http://arxiv.org/abs/1701.02096},
  archivePrefix = {arXiv},
  eprint    = {1701.02096},
  timestamp = {Mon, 13 Aug 2018 16:47:49 +0200},
  biburl    = {https://dblp.org/rec/bib/journals/corr/UlyanovVL17},
  bibsource = {dblp computer science bibliography, https://dblp.org}
}

@article{Ioffe:2015,
  author    = {Sergey Ioffe and
               Christian Szegedy},
  title     = {Batch Normalization: Accelerating Deep Network Training by Reducing
               Internal Covariate Shift},
  journal   = {CoRR},
  volume    = {abs/1502.03167},
  year      = {2015},
  url       = {http://arxiv.org/abs/1502.03167},
  archivePrefix = {arXiv},
  eprint    = {1502.03167},
  timestamp = {Mon, 13 Aug 2018 16:47:06 +0200},
  biburl    = {https://dblp.org/rec/bib/journals/corr/IoffeS15},
  bibsource = {dblp computer science bibliography, https://dblp.org}
}

@inproceedings{Radford:2016,
  author    = {Alec Radford and
               Luke Metz and
               Soumith Chintala},
  title     = {Unsupervised Representation Learning with Deep Convolutional Generative
               Adversarial Networks},
  booktitle = {{ICLR}},
  year      = {2016}
}

@article{Li:2017,
  author    = {Yanghao Li and
               Naiyan Wang and
               Jiaying Liu and
               Xiaodi Hou},
  title     = {Demystifying Neural Style Transfer},
  journal   = {CoRR},
  volume    = {abs/1701.01036},
  year      = {2017}
}

@Article{Simonyan:2014,
    author       = "Simonyan, K. and Zisserman, A.",
    title        = "Very Deep Convolutional Networks for Large-Scale Image Recognition",
    journal      = "CoRR",
    volume       = "abs/1409.1556",
    year         = "2014"
}