@inproceedings{Ren:2010,
 author = {Ren, Zhong and Zhou, Kun and Li, Tengfei and Hua, Wei and Guo, Baining},
 title = {Interactive hair rendering under environment lighting},
 booktitle = {ACM SIGGRAPH 2010 papers},
 series = {SIGGRAPH '10},
 year = {2010},
 isbn = {978-1-4503-0210-4},
 location = {Los Angeles, California},
 pages = {55:1--55:8},
 articleno = {55},
 numpages = {8},
 url = {http://doi.acm.org/10.1145/1833349.1778792},
 doi = {10.1145/1833349.1778792},
 acmid = {1778792},
 publisher = {ACM},
 address = {New York, NY, USA},
 keywords = {SRBF lights, convolution optical depth map, multiple scattering, single scattering, stochastic simplification},
} 

@inproceedings{Xu:2011,
 author = {Xu, Kun and Ma, Li-Qian and Ren, Bo and Wang, Rui and Hu, Shi-Min},
 title = {Interactive hair rendering and appearance editing under environment lighting},
 booktitle = {Proceedings of the 2011 SIGGRAPH Asia Conference},
 series = {SA '11},
 year = {2011},
 isbn = {978-1-4503-0807-6},
 location = {Hong Kong, China},
 pages = {173:1--173:10},
 articleno = {173},
 numpages = {10},
 url = {http://doi.acm.org/10.1145/2024156.2024207},
 doi = {10.1145/2024156.2024207},
 acmid = {2024207},
 publisher = {ACM},
 address = {New York, NY, USA},
 keywords = {GPU, SRBFs, appearance editing, circular Gaussian, environment lighting, hair rendering, single and multiple scattering},
} 

@inproceedings{Marschner:2003,
 author = {Marschner, Stephen R. and Jensen, Henrik Wann and Cammarano, Mike and Worley, Steve and Hanrahan, Pat},
 title = {Light scattering from human hair fibers},
 booktitle = {ACM SIGGRAPH 2003 Papers},
 series = {SIGGRAPH '03},
 year = {2003},
 isbn = {1-58113-709-5},
 location = {San Diego, California},
 pages = {780--791},
 numpages = {12},
 url = {http://doi.acm.org/10.1145/1201775.882345},
 doi = {http://doi.acm.org/10.1145/1201775.882345},
 acmid = {882345},
 publisher = {ACM},
 address = {New York, NY, USA},
 keywords = {fibers, hair, optical scattering, rendering},
}