@misc{Bischoff:2024,
      title={A Practical Guide to Sample-based Statistical Distances for Evaluating Generative Models in Science}, 
      author={Sebastian Bischoff and Alana Darcher and Michael Deistler and Richard Gao and Franziska Gerken and Manuel Gloeckler and Lisa Haxel and Jaivardhan Kapoor and Janne K Lappalainen and Jakob H Macke and Guy Moss and Matthijs Pals and Felix Pei and Rachel Rapp and A Erdem Sağtekin and Cornelius Schröder and Auguste Schulz and Zinovia Stefanidi and Shoji Toyota and Linda Ulmer and Julius Vetter},
      year={2024},
      eprint={2403.12636},
      archivePrefix={arXiv},
      primaryClass={cs.LG},
      url={https://arxiv.org/abs/2403.12636}, 
}

@misc{Theis:2016,
      title={A note on the evaluation of generative models}, 
      author={Lucas Theis and Aäron van den Oord and Matthias Bethge},
      year={2016},
      eprint={1511.01844},
      archivePrefix={arXiv},
      primaryClass={stat.ML},
      url={https://arxiv.org/abs/1511.01844}, 
}

@misc{Borji:2018,
      title={Pros and Cons of GAN Evaluation Measures}, 
      author={Ali Borji},
      year={2018},
      eprint={1802.03446},
      archivePrefix={arXiv},
      primaryClass={cs.CV},
      url={https://arxiv.org/abs/1802.03446}, 
}

@misc{Xu:2018,
      title={An empirical study on evaluation metrics of generative adversarial networks}, 
      author={Qiantong Xu and Gao Huang and Yang Yuan and Chuan Guo and Yu Sun and Felix Wu and Kilian Weinberger},
      year={2018},
      eprint={1806.07755},
      archivePrefix={arXiv},
      primaryClass={cs.LG},
      url={https://arxiv.org/abs/1806.07755}, 
}

@misc{Yang:2023,
      title={Revisiting the Evaluation of Image Synthesis with GANs}, 
      author={Mengping Yang and Ceyuan Yang and Yichi Zhang and Qingyan Bai and Yujun Shen and Bo Dai},
      year={2023},
      eprint={2304.01999},
      archivePrefix={arXiv},
      primaryClass={cs.CV},
      url={https://arxiv.org/abs/2304.01999}, 
}

@article{Basseville:2013,
title = {Divergence measures for statistical data processing--An annotated bibliography},
journal = {Signal Processing},
volume = {93},
number = {4},
pages = {621-633},
year = {2013},
issn = {0165-1684},
doi = {https://doi.org/10.1016/j.sigpro.2012.09.003},
url = {https://www.sciencedirect.com/science/article/pii/S0165168412003222},
author = {Michele Basseville},
}

@misc{Gibbs:2002,
      title={On choosing and bounding probability metrics}, 
      author={Alison L. Gibbs and Francis Edward Su},
      year={2002},
      eprint={math/0209021},
      archivePrefix={arXiv},
      primaryClass={math.PR},
      url={https://arxiv.org/abs/math/0209021}, 
}

@misc{Kolouri:2019,
      title={Generalized Sliced Wasserstein Distances}, 
      author={Soheil Kolouri and Kimia Nadjahi and Umut Simsekli and Roland Badeau and Gustavo K. Rohde},
      year={2019},
      eprint={1902.00434},
      archivePrefix={arXiv},
      primaryClass={cs.LG},
      url={https://arxiv.org/abs/1902.00434}, 
}

@misc{Nadjahi:2022,
      title={Statistical and Topological Properties of Sliced Probability Divergences}, 
      author={Kimia Nadjahi and Alain Durmus and Lénaïc Chizat and Soheil Kolouri and Shahin Shahrampour and Umut Şimşekli},
      year={2022},
      eprint={2003.05783},
      archivePrefix={arXiv},
      primaryClass={stat.ML},
      url={https://arxiv.org/abs/2003.05783}, 
}

@misc{Goldfeld:2021,
      title={Sliced Mutual Information: A Scalable Measure of Statistical Dependence}, 
      author={Ziv Goldfeld and Kristjan Greenewald},
      year={2021},
      eprint={2110.05279},
      archivePrefix={arXiv},
      primaryClass={cs.IT},
      url={https://arxiv.org/abs/2110.05279}, 
}

@misc{Papp:2022,
      title={Bounds on Wasserstein distances between continuous distributions using independent samples}, 
      author={Tamás Papp and Chris Sherlock},
      year={2022},
      eprint={2203.11627},
      archivePrefix={arXiv},
      primaryClass={stat.ML},
      url={https://arxiv.org/abs/2203.11627}, 
}

@BOOK{Peyre:2019,
  author={Peyré, Gabriel and Cuturi, Marco},
  title={Computational Optimal Transport: With Applications to Data Science},
  year={2019},
  volume={},
  number={},
  pages={},
  keywords={},
  doi={10.1561/2200000073}}


@misc{Raschka:2014,
      title={An Overview of General Performance Metrics of Binary Classifier Systems}, 
      author={Sebastian Raschka},
      year={2014},
      eprint={1410.5330},
      archivePrefix={arXiv},
      primaryClass={cs.LG},
      url={https://arxiv.org/abs/1410.5330}, 
}

@misc{Kim:GL2ST:2019,
      title={Global and Local Two-Sample Tests via Regression}, 
      author={Ilmun Kim and Ann B. Lee and Jing Lei},
      year={2019},
      eprint={1812.08927},
      archivePrefix={arXiv},
      primaryClass={stat.ME},
      url={https://arxiv.org/abs/1812.08927}, 
}

@misc{Pandeva:2024,
      title={E-Valuating Classifier Two-Sample Tests}, 
      author={Teodora Pandeva and Tim Bakker and Christian A. Naesseth and Patrick Forré},
      year={2024},
      eprint={2210.13027},
      archivePrefix={arXiv},
      primaryClass={stat.ME},
      url={https://arxiv.org/abs/2210.13027}, 
}

@article{Cheng:CL2ST:2022,
   title={Classification Logit Two-Sample Testing by Neural Networks for Differentiating Near Manifold Densities},
   volume={68},
   ISSN={1557-9654},
   url={http://dx.doi.org/10.1109/TIT.2022.3175691},
   DOI={10.1109/tit.2022.3175691},
   number={10},
   journal={IEEE Transactions on Information Theory},
   publisher={Institute of Electrical and Electronics Engineers (IEEE)},
   author={Cheng, Xiuyuan and Cloninger, Alexander},
   year={2022},
   month=oct, pages={6631–6662} }

@misc{Titsias:2019,
      title={Unbiased Implicit Variational Inference}, 
      author={Michalis K. Titsias and Francisco J. R. Ruiz},
      year={2019},
      eprint={1808.02078},
      archivePrefix={arXiv},
      primaryClass={stat.ML},
      url={https://arxiv.org/abs/1808.02078}, 
}

@misc{Huszár:2017,
      title={Variational Inference using Implicit Distributions}, 
      author={Ferenc Huszár},
      year={2017},
      eprint={1702.08235},
      archivePrefix={arXiv},
      primaryClass={stat.ML},
      url={https://arxiv.org/abs/1702.08235}, 
}

@misc{Srivastava:2020,
      title={Generative Ratio Matching Networks}, 
      author={Akash Srivastava and Kai Xu and Michael U. Gutmann and Charles Sutton},
      year={2020},
      eprint={1806.00101},
      archivePrefix={arXiv},
      primaryClass={stat.ML},
      url={https://arxiv.org/abs/1806.00101}, 
}

@inproceedings{Fukumizu:2009,
 author = {Fukumizu, Kenji and Gretton, Arthur and Lanckriet, Gert and Sch\"{o}lkopf, Bernhard and Sriperumbudur, Bharath K.},
 booktitle = {Advances in Neural Information Processing Systems},
 editor = {Y. Bengio and D. Schuurmans and J. Lafferty and C. Williams and A. Culotta},
 pages = {},
 publisher = {Curran Associates, Inc.},
 title = {Kernel Choice and Classifiability for RKHS Embeddings of Probability Distributions},
 url = {https://proceedings.neurips.cc/paper_files/paper/2009/file/685ac8cadc1be5ac98da9556bc1c8d9e-Paper.pdf},
 volume = {22},
 year = {2009}
}

@misc{Biggs:2023,
      title={MMD-FUSE: Learning and Combining Kernels for Two-Sample Testing Without Data Splitting}, 
      author={Felix Biggs and Antonin Schrab and Arthur Gretton},
      year={2023},
      eprint={2306.08777},
      archivePrefix={arXiv},
      primaryClass={stat.ML},
      url={https://arxiv.org/abs/2306.08777}, 
}

@misc{Schrab:2023,
      title={MMD Aggregated Two-Sample Test}, 
      author={Antonin Schrab and Ilmun Kim and Mélisande Albert and Béatrice Laurent and Benjamin Guedj and Arthur Gretton},
      year={2023},
      eprint={2110.15073},
      archivePrefix={arXiv},
      primaryClass={stat.ML},
      url={https://arxiv.org/abs/2110.15073}, 
}

@misc{Kubler:2023,
      title={AutoML Two-Sample Test}, 
      author={Jonas M. Kübler and Vincent Stimper and Simon Buchholz and Krikamol Muandet and Bernhard Schölkopf},
      year={2023},
      eprint={2206.08843},
      archivePrefix={arXiv},
      primaryClass={cs.LG},
      url={https://arxiv.org/abs/2206.08843}, 
}

@misc{Kubler:2022,
      title={A Witness Two-Sample Test}, 
      author={Jonas M. Kübler and Wittawat Jitkrittum and Bernhard Schölkopf and Krikamol Muandet},
      year={2022},
      eprint={2102.05573},
      archivePrefix={arXiv},
      primaryClass={cs.LG},
      url={https://arxiv.org/abs/2102.05573}, 
}

@article{Gretton:2012,
  author  = {Arthur Gretton and Karsten M. Borgwardt and Malte J. Rasch and Bernhard Sch{{\"o}}lkopf and Alexander Smola},
  title   = {A Kernel Two-Sample Test},
  journal = {Journal of Machine Learning Research},
  year    = {2012},
  volume  = {13},
  number  = {25},
  pages   = {723-773},
  url     = {http://jmlr.org/papers/v13/gretton12a.html}
}

@misc{Sutherland:2021,
      title={Generative Models and Model Criticism via Optimized Maximum Mean Discrepancy}, 
      author={Danica J. Sutherland and Hsiao-Yu Tung and Heiko Strathmann and Soumyajit De and Aaditya Ramdas and Alex Smola and Arthur Gretton},
      year={2021},
      eprint={1611.04488},
      archivePrefix={arXiv},
      primaryClass={stat.ML},
      url={https://arxiv.org/abs/1611.04488}, 
}

@misc{Lueckman:2021,
      title={Benchmarking Simulation-Based Inference}, 
      author={Jan-Matthis Lueckmann and Jan Boelts and David S. Greenberg and Pedro J. Gonçalves and Jakob H. Macke},
      year={2021},
      eprint={2101.04653},
      archivePrefix={arXiv},
      primaryClass={stat.ML},
      url={https://arxiv.org/abs/2101.04653}, 
}

@misc{Heusel:2018,
      title={GANs Trained by a Two Time-Scale Update Rule Converge to a Local Nash Equilibrium}, 
      author={Martin Heusel and Hubert Ramsauer and Thomas Unterthiner and Bernhard Nessler and Sepp Hochreiter},
      year={2018},
      eprint={1706.08500},
      archivePrefix={arXiv},
      primaryClass={cs.LG},
      url={https://arxiv.org/abs/1706.08500}, 
}

@misc{Szegedy:2015,
      title={Rethinking the Inception Architecture for Computer Vision}, 
      author={Christian Szegedy and Vincent Vanhoucke and Sergey Ioffe and Jonathon Shlens and Zbigniew Wojna},
      year={2015},
      eprint={1512.00567},
      archivePrefix={arXiv},
      primaryClass={cs.CV},
      url={https://arxiv.org/abs/1512.00567}, 
}

@misc{Binkowski:2021,
      title={Demystifying MMD GANs}, 
      author={Mikołaj Bińkowski and Danica J. Sutherland and Michael Arbel and Arthur Gretton},
      year={2021},
      eprint={1801.01401},
      archivePrefix={arXiv},
      primaryClass={stat.ML},
      url={https://arxiv.org/abs/1801.01401}, 
}

@misc{Jayasumana:2024,
      title={Rethinking FID: Towards a Better Evaluation Metric for Image Generation}, 
      author={Sadeep Jayasumana and Srikumar Ramalingam and Andreas Veit and Daniel Glasner and Ayan Chakrabarti and Sanjiv Kumar},
      year={2024},
      eprint={2401.09603},
      archivePrefix={arXiv},
      primaryClass={cs.CV},
      url={https://arxiv.org/abs/2401.09603}, 
}