@article{Goodfellow:2016,
  title={NIPS 2016 Tutorial: Generative Adversarial Networks},
  author={Ian J. Goodfellow},
  journal={CoRR},
  year={2016},
  volume={abs/1701.00160}
}

@article{Oord:2016,
  author    = {A{\"{a}}ron van den Oord and
               Sander Dieleman and
               Heiga Zen and
               Karen Simonyan and
               Oriol Vinyals and
               Alex Graves and
               Nal Kalchbrenner and
               Andrew W. Senior and
               Koray Kavukcuoglu},
  title     = {WaveNet: {A} Generative Model for Raw Audio},
  journal   = {CoRR},
  volume    = {abs/1609.03499},
  year      = {2016},
  url       = {http://arxiv.org/abs/1609.03499},
  archivePrefix = {arXiv},
  eprint    = {1609.03499},
  timestamp = {Mon, 13 Aug 2018 16:49:15 +0200},
  biburl    = {https://dblp.org/rec/bib/journals/corr/OordDZSVGKSK16},
  bibsource = {dblp computer science bibliography, https://dblp.org}
}

@misc{Kingma:2013,
Author = {Diederik P Kingma and Max Welling},
Title = {Auto-Encoding Variational Bayes},
Year = {2013},
Eprint = {arXiv:1312.6114},
}

@misc{Alain:2015,
Author = {Guillaume Alain and Yoshua Bengio and Li Yao and Jason Yosinski and Eric Thibodeau-Laufer and Saizheng Zhang and Pascal Vincent},
Title = {GSNs : Generative Stochastic Networks},
Year = {2015},
Eprint = {arXiv:1503.05571},
}

@misc{Nowozin:2016,
Author = {Sebastian Nowozin and Botond Cseke and Ryota Tomioka},
Title = {f-GAN: Training Generative Neural Samplers using Variational Divergence Minimization},
Year = {2016},
Eprint = {arXiv:1606.00709},
}

@misc{Radford:2015,
Author = {Alec Radford and Luke Metz and Soumith Chintala},
Title = {Unsupervised Representation Learning with Deep Convolutional Generative Adversarial Networks},
Year = {2015},
Eprint = {arXiv:1511.06434},
}

@misc{Springenberg:2014,
Author = {Jost Tobias Springenberg and Alexey Dosovitskiy and Thomas Brox and Martin Riedmiller},
Title = {Striving for Simplicity: The All Convolutional Net},
Year = {2014},
Eprint = {arXiv:1412.6806},
}

@misc{Denton:2015,
Author = {Emily Denton and Soumith Chintala and Arthur Szlam and Rob Fergus},
Title = {Deep Generative Image Models using a Laplacian Pyramid of Adversarial Networks},
Year = {2015},
Eprint = {arXiv:1506.05751},
}

@misc{Salimans:2016,
Author = {Tim Salimans and Ian Goodfellow and Wojciech Zaremba and Vicki Cheung and Alec Radford and Xi Chen},
Title = {Improved Techniques for Training GANs},
Year = {2016},
Eprint = {arXiv:1606.03498},
}