@inproceedings{Levin:2007,
 author = {Levin, Anat and Fergus, Rob and Durand, Fr{\'e}do and Freeman, William T.},
 title = {Image and depth from a conventional camera with a coded aperture},
 booktitle = {ACM SIGGRAPH 2007 papers},
 series = {SIGGRAPH '07},
 year = {2007},
 location = {San Diego, California},
 articleno = {70},
 url = {http://doi.acm.org/10.1145/1275808.1276464},
 doi = {10.1145/1275808.1276464},
 acmid = {1276464},
 publisher = {ACM},
 address = {New York, NY, USA},
 keywords = {coded imaging, computational photography, deblurring, depth of field, image statistics, range estimation},
} 

@article{Olshausen1996,
author = {Olshausen, Bruno A. and Field, David J.},
file = {:E$\backslash$:/pramook/documents/papers/olshausen-field-emergence-simple-cells.pdf:pdf},
journal = {Nature},
number = {13},
pages = {607--609},
title = {{Emergence of simple-cell receptive field properties by learning a sparse code for natural images}},
url = {http://people.cs.umass.edu/~eshelham/files/papers/olshausen-field-emergence-simple-cells.pdf},
volume = {381},
year = {1996}
}

@ARTICLE{levin-weiss,
author={Levin, A. and Weiss, Y.},
journal={Pattern Analysis and Machine Intelligence, IEEE Transactions on}, title={User Assisted Separation of Reflections from a Single Image Using a Sparsity Prior},
year={2007},
month={sept. },
volume={29},
number={9},
pages={1647 -1654},
keywords={Gaussian prior;iterative reweighted least squares approach;linear superposition;natural image statistics;reflections;sparsity prior;user assisted separation;computer graphics;image processing;interactive systems;least squares approximations;reflection;Algorithms;Artifacts;Artificial Intelligence;Image Enhancement;Image Interpretation, Computer-Assisted;Pattern Recognition, Automated;Refractometry;Reproducibility of Results;Sensitivity and Specificity;},
doi={10.1109/TPAMI.2007.1106},
ISSN={0162-8828},}

@article{Boykov:2001,
 author = {Boykov, Yuri and Veksler, Olga and Zabih, Ramin},
 title = {Fast Approximate Energy Minimization via Graph Cuts},
 journal = {IEEE Trans. Pattern Anal. Mach. Intell.},
 issue_date = {November 2001},
 volume = {23},
 number = {11},
 month = nov,
 year = {2001},
 issn = {0162-8828},
 pages = {1222--1239},
 numpages = {18},
 url = {http://dx.doi.org/10.1109/34.969114},
 doi = {10.1109/34.969114},
 acmid = {505473},
 publisher = {IEEE Computer Society},
 address = {Washington, DC, USA},
 keywords = {Energy minimization, early vision, graph algorithms, minimum cut, maximum flow, stereo, motion, image restoration, Markov Random Fields, Potts model, multiway cut.},
} 