@article{Meng:2015,
    author = {Johannes Meng and Marios Papas and Ralf Habel and Carsten Dachsbacher and Steve Marschner and Markus Gross and Wojciech Jarosz},
    title = {Multi-Scale Modeling and Rendering of Granular Materials},
    journal = {ACM Transactions on Graphics (Proceedings of SIGGRAPH)},
    volume = {34},
    number = {4},
    year = {2015},
    month = jul,
    keywords = {physically based rendering, granular media, discrete random media}
}

@article{Skoge:2006,
  title={Packing hyperspheres in high-dimensional Euclidean spaces},
  author={Skoge, Monica and Donev, Aleksandar and Stillinger, Frank H and Torquato, Salvatore},
  journal={Physical Review E},
  volume={74},
  number={4},
  pages={041127},
  year={2006},
  publisher={APS}
}

@inproceedings{Li:2005,
 author = {Li, Hongsong and Pellacini, Fabio and Torrance, Kenneth E.},
 title = {A Hybrid Monte Carlo Method for Accurate and Efficient Subsurface Scattering},
 booktitle = {Proceedings of the Sixteenth Eurographics Conference on Rendering Techniques},
 series = {EGSR '05},
 year = {2005},
 isbn = {3-905673-23-1},
 location = {Konstanz, Germany},
 pages = {283--290},
 numpages = {8},
 url = {http://dx.doi.org/10.2312/EGWR/EGSR05/283-290},
 doi = {10.2312/EGWR/EGSR05/283-290},
 acmid = {2383694},
 publisher = {Eurographics Association},
 address = {Aire-la-Ville, Switzerland, Switzerland},
} 

@inproceedings{d'Eon:2011,
 author = {D'Eon, Eugene and Irving, Geoffrey},
 title = {A Quantized-diffusion Model for Rendering Translucent Materials},
 booktitle = {ACM SIGGRAPH 2011 Papers},
 series = {SIGGRAPH '11},
 year = {2011},
 isbn = {978-1-4503-0943-1},
 location = {Vancouver, British Columbia, Canada},
 pages = {56:1--56:14},
 articleno = {56},
 numpages = {14},
 url = {http://doi.acm.org/10.1145/1964921.1964951},
 doi = {10.1145/1964921.1964951},
 acmid = {1964951},
 publisher = {ACM},
 address = {New York, NY, USA},
 keywords = {BSSRDF, diffusion, layered materials, reflection models, searchlight problem, subsurface scattering, transport theory},
} 

@inproceedings{Habel:2013,
 author = {Habel, Ralf and Christensen, Per H. and Jarosz, Wojciech},
 title = {Photon Beam Diffusion: A Hybrid Monte Carlo Method for Subsurface Scattering},
 booktitle = {Proceedings of the Eurographics Symposium on Rendering},
 series = {EGSR '13},
 year = {2013},
 location = {Zaragoza, Spain},
 pages = {27--37},
 numpages = {11},
 url = {http://dx.doi.org/10.1111/cgf.12148},
 doi = {10.1111/cgf.12148},
 acmid = {2600896},
 publisher = {Eurographics Association},
 address = {Aire-la-Ville, Switzerland, Switzerland},
} 

@inproceedings{Donner:2005,
 author = {Donner, Craig and Jensen, Henrik Wann},
 title = {Light Diffusion in Multi-layered Translucent Materials},
 booktitle = {ACM SIGGRAPH 2005 Papers},
 series = {SIGGRAPH '05},
 year = {2005},
 location = {Los Angeles, California},
 pages = {1032--1039},
 numpages = {8},
 url = {http://doi.acm.org/10.1145/1186822.1073308},
 doi = {10.1145/1186822.1073308},
 acmid = {1073308},
 publisher = {ACM},
 address = {New York, NY, USA},
 keywords = {BSSRDF, diffusion theory, global illumination, layered materials, light transport, realistic image synthesis, reflection models, subsurface scattering},
} 

@inproceedings{Jensen:2001,
 author = {Jensen, Henrik Wann and Marschner, Stephen R. and Levoy, Marc and Hanrahan, Pat},
 title = {A Practical Model for Subsurface Light Transport},
 booktitle = {Proceedings of the 28th Annual Conference on Computer Graphics and Interactive Techniques},
 series = {SIGGRAPH '01},
 year = {2001},
 isbn = {1-58113-374-X},
 pages = {511--518},
 numpages = {8},
 url = {http://doi.acm.org/10.1145/383259.383319},
 doi = {10.1145/383259.383319},
 acmid = {383319},
 publisher = {ACM},
 address = {New York, NY, USA},
 keywords = {BSSRDF, diffusion theory, light transport, realistic image synthesis, reflection models, subsurface scattering},
} 

@inproceedings{Moon:2007,
 author = {Moon, Jonathan T. and Walter, Bruce and Marschner, Stephen R.},
 title = {Rendering Discrete Random Media Using Precomputed Scattering Solutions},
 booktitle = {Proceedings of the 18th Eurographics Conference on Rendering Techniques},
 series = {EGSR'07},
 year = {2007},
 isbn = {978-3-905673-52-4},
 location = {Grenoble, France},
 pages = {231--242},
 numpages = {12},
 url = {http://dx.doi.org/10.2312/EGWR/EGSR07/231-242},
 doi = {10.2312/EGWR/EGSR07/231-242},
 acmid = {2383878},
 publisher = {Eurographics Association},
 address = {Aire-la-Ville, Switzerland, Switzerland},
} 


@article{Dixmier:1978,
  title={Une nouvelle description des empilements aléatoires et des fluides denses},
  author={Dixmier, M.},
  journal={Le Journal de Physique},
  volume={39},
  pages={873--895},
  year={1978},  
}

@incollection{Stam:1995,
  title={Multiple scattering as a diffusion process},
  author={Stam, Jos},
  booktitle={Rendering Techniques’ 95},
  pages={41--50},
  year={1995},
  publisher={Springer}
}