@book{pomraning,
  title={The Equations of Radiation Hydrodynamics},
  author={Pomraning, G.C.},
  isbn={9780486445991},
  lccn={2005051881},
  series={Dover books on physics},
  url={http://books.google.com/books?id=EFbpgt-Rlh8C},
  year={1973},
  publisher={Dover Publications}
}

@article{Ament:2014,
 author = {Ament, Marco and Bergmann, Christoph and Weiskopf, Daniel},
 title = {Refractive Radiative Transfer Equation},
 journal = {ACM Trans. Graph.},
 issue_date = {March 2014},
 volume = {33},
 number = {2},
 month = apr,
 year = {2014},
 issn = {0730-0301},
 pages = {17:1--17:22},
 articleno = {17},
 numpages = {22},
 url = {http://doi.acm.org/10.1145/2557605},
 doi = {10.1145/2557605},
 acmid = {2557605},
 publisher = {ACM},
 address = {New York, NY, USA},
 keywords = {Global volume illumination, continuous refraction, light echo, participating media, photon mapping, physical and mathematical model, time-of-flight, transient rendering},
} 

@article{Jakob2010Radiative,
author = {Jakob, Wenzel and Arbree, Adam and Moon, Jonathan T. and Bala, Kavita and Marschner, Steve},
title = {A Radiative Transfer Framework for Rendering Materials with Anisotropic Structure},
journal = {ACM Trans. Graph.},
volume = {29},
number = {4},
month = jul,
year = {2010},
pages = {53:1--53:13},
articleno = {53},
numpages = {13},
publisher = {ACM},
address = {New York, NY, USA}
} 