@article{Ho:2020,
  author    = {Jonathan Ho and
               Ajay Jain and
               Pieter Abbeel},
  title     = {Denoising Diffusion Probabilistic Models},
  journal   = {CoRR},
  volume    = {abs/2006.11239},
  year      = {2020},
  url       = {https://arxiv.org/abs/2006.11239},
  eprinttype = {arXiv},
  eprint    = {2006.11239},
  timestamp = {Tue, 23 Jun 2020 17:57:22 +0200},
  biburl    = {https://dblp.org/rec/journals/corr/abs-2006-11239.bib},
  bibsource = {dblp computer science bibliography, https://dblp.org}
}

@article{Dhariwal:2021,
  author    = {Prafulla Dhariwal and
               Alex Nichol},
  title     = {Diffusion Models Beat GANs on Image Synthesis},
  journal   = {CoRR},
  volume    = {abs/2105.05233},
  year      = {2021},
  url       = {https://arxiv.org/abs/2105.05233},
  eprinttype = {arXiv},
  eprint    = {2105.05233},
  timestamp = {Fri, 14 May 2021 12:13:30 +0200},
  biburl    = {https://dblp.org/rec/journals/corr/abs-2105-05233.bib},
  bibsource = {dblp computer science bibliography, https://dblp.org}
}

@misc{Song:2022,
    author = {Yang Song},
    title = {Generative Modeling by Estimating Gradients of the Data Distribution},
    howpublished = {\url{https://yang-song.github.io/blog/2021/score/}},
    year = 2021,
    note = {Accessed: 2022-02-07},
}

@article{Song:2019,
  author    = {Yang Song and
               Stefano Ermon},
  title     = {Generative Modeling by Estimating Gradients of the Data Distribution},
  journal   = {CoRR},
  volume    = {abs/1907.05600},
  year      = {2019},
  url       = {http://arxiv.org/abs/1907.05600},
  eprinttype = {arXiv},
  eprint    = {1907.05600},
  timestamp = {Thu, 01 Oct 2020 17:52:46 +0200},
  biburl    = {https://dblp.org/rec/journals/corr/abs-1907-05600.bib},
  bibsource = {dblp computer science bibliography, https://dblp.org}
}

@misc{KhungurnCrf,
    author = {Pramook Khungurn},
    title = {Introduction to Conditional Random Fields},
    howpublished = {\url{https://pkhungurn.github.io/notes/notes/ml/conditional-random-fields-intro/index.html}},
    year = 2021,
    note = {Accessed: 2022-02-07},
}

@article{Hyvarinen:2005,
  author  = {Aapo Hyv{{\"a}}rinen},
  title   = {Estimation of Non-Normalized Statistical Models by Score Matching},
  journal = {Journal of Machine Learning Research},
  year    = {2005},
  volume  = {6},
  number  = {24},
  pages   = {695-709},
  url     = {http://jmlr.org/papers/v6/hyvarinen05a.html}
}

@ARTICLE{Vincent:2011,
  author={Vincent, Pascal},
  journal={Neural Computation}, 
  title={A Connection Between Score Matching and Denoising Autoencoders}, 
  year={2011},
  volume={23},
  number={7},
  pages={1661-1674},
  doi={10.1162/NECO_a_00142}
  }
