@InProceedings{Arjovsky:2017,
  title = 	 {{W}asserstein Generative Adversarial Networks},
  author = 	 {Martin Arjovsky and Soumith Chintala and L{\'e}on Bottou},
  booktitle = 	 {Proceedings of the 34th International Conference on Machine Learning},
  pages = 	 {214--223},
  year = 	 {2017},
  editor = 	 {Doina Precup and Yee Whye Teh},
  volume = 	 {70},
  series = 	 {Proceedings of Machine Learning Research},
  address = 	 {International Convention Centre, Sydney, Australia},
  month = 	 {06--11 Aug},
  publisher = 	 {PMLR},
  pdf = 	 {http://proceedings.mlr.press/v70/arjovsky17a/arjovsky17a.pdf},
  url = 	 {http://proceedings.mlr.press/v70/arjovsky17a.html},  
}



@article{Gulrajani:2017,
  author    = {Ishaan Gulrajani and
               Faruk Ahmed and
               Mart{\'{\i}}n Arjovsky and
               Vincent Dumoulin and
               Aaron C. Courville},
  title     = {Improved Training of Wasserstein GANs},
  journal   = {CoRR},
  volume    = {abs/1704.00028},
  year      = {2017}
}

