@book{Bell,
      author       = "Bell, John L",
      title        = "A Primer of Infinitesimal Analysis; 2nd ed.",
      publisher    = "Cambridge Univ. Press",
      address      = "Leiden",
      year         = "2008",
}