@article{Kendall:2017,
  author    = {Alex Kendall and
               Yarin Gal and
               Roberto Cipolla},
  title     = {Multi-Task Learning Using Uncertainty to Weigh Losses for Scene Geometry
               and Semantics},
  journal   = {CoRR},
  volume    = {abs/1705.07115},
  year      = {2017},
  url       = {http://arxiv.org/abs/1705.07115},
  archivePrefix = {arXiv},
  eprint    = {1705.07115},
  timestamp = {Mon, 13 Aug 2018 16:48:31 +0200},
  biburl    = {https://dblp.org/rec/bib/journals/corr/KendallGC17},
  bibsource = {dblp computer science bibliography, https://dblp.org}
}



@article{Chen:2017,
  author    = {Zhao Chen and
               Vijay Badrinarayanan and
               Chen{-}Yu Lee and
               Andrew Rabinovich},
  title     = {GradNorm: Gradient Normalization for Adaptive Loss Balancing in Deep
               Multitask Networks},
  journal   = {CoRR},
  volume    = {abs/1711.02257},
  year      = {2017},
  url       = {http://arxiv.org/abs/1711.02257},
  archivePrefix = {arXiv},
  eprint    = {1711.02257},
  timestamp = {Fri, 13 Sep 2019 14:28:36 +0200},
  biburl    = {https://dblp.org/rec/bib/journals/corr/abs-1711-02257},
  bibsource = {dblp computer science bibliography, https://dblp.org}
}

