@inproceedings{Pathak:2016,
    Author = {Pathak, Deepak and
    Kr\"ahenb\"uhl, Philipp and
    Donahue, Jeff and
    Darrell, Trevor and
    Efros, Alexei},
    Title = {Context Encoders:
    Feature Learning by Inpainting},
    Booktitle = CVPR,
    Year = {2016}
}

@article{Iizuka:2017,
 author = {Iizuka, Satoshi and Simo-Serra, Edgar and Ishikawa, Hiroshi},
 title = {Globally and Locally Consistent Image Completion},
 journal = {ACM Trans. Graph.},
 issue_date = {July 2017},
 volume = {36},
 number = {4},
 month = jul,
 year = {2017},
 issn = {0730-0301},
 pages = {107:1--107:14},
 articleno = {107},
 numpages = {14},
 url = {http://doi.acm.org/10.1145/3072959.3073659},
 doi = {10.1145/3072959.3073659},
 acmid = {3073659},
 publisher = {ACM},
 address = {New York, NY, USA},
 keywords = {convolutional neural network, image completion},
} 


@inproceedings{Yeh:2017,
title = "Semantic image inpainting with deep generative models",
author = "Yeh, {Raymond A.} and Chen Chen and {Yian Lim}, Teck and Schwing, {Alexander Gerhard} and Hasegawa-Johnson, {Mark Allan} and Do, {Minh N}",
year = "2017",
month = "11",
day = "6",
doi = "10.1109/CVPR.2017.728",
language = "English (US)",
series = "Proceedings - 30th IEEE Conference on Computer Vision and Pattern Recognition, CVPR 2017",
publisher = "Institute of Electrical and Electronics Engineers Inc.",
pages = "6882--6890",
booktitle = "Proceedings - 30th IEEE Conference on Computer Vision and Pattern Recognition, CVPR 2017",
address = "United States",
}

@article{Yu:2018,
  title={Generative Image Inpainting with Contextual Attention},
  author={Yu, Jiahui and Lin, Zhe and Yang, Jimei and Shen, Xiaohui and Lu, Xin and Huang, Thomas S},
  journal={arXiv preprint arXiv:1801.07892},
  year={2018}
}

@article{Yu:2019,
  title={Free-Form Image Inpainting with Gated Convolution},
  author={Yu, Jiahui and Lin, Zhe and Yang, Jimei and Shen, Xiaohui and Lu, Xin and Huang, Thomas S},
  journal={arXiv preprint arXiv:1806.03589},
  year={2019}
}

@article{Radford:2015,
  title={Unsupervised Representation Learning with Deep Convolutional Generative Adversarial Networks},
  author={Alec Radford and Luke Metz and Soumith Chintala},
  journal={CoRR},
  year={2015},
  volume={abs/1511.06434}
}

@inproceedings{Yu:2016,
  author    = {Fisher Yu and
               Vladlen Koltun},
  title     = {Multi-Scale Context Aggregation by Dilated Convolutions},
  booktitle = {4th International Conference on Learning Representations, {ICLR} 2016,
               San Juan, Puerto Rico, May 2-4, 2016, Conference Track Proceedings},
  year      = {2016},
  crossref  = {DBLP:conf/iclr/2016},
  url       = {http://arxiv.org/abs/1511.07122},
  timestamp = {Thu, 25 Jul 2019 14:25:38 +0200},
  biburl    = {https://dblp.org/rec/bib/journals/corr/YuK15},
  bibsource = {dblp computer science bibliography, https://dblp.org}
}

@article{Telea:2004,
  title={An Image Inpainting Technique Based on the Fast Marching Method},
  author={Alexandru Telea},
  journal={J. Graphics, GPU, and Game Tools},
  year={2004},
  volume={9},
  pages={23-34}
}

@inproceedings{Perez:2003,
 author = {P{\'e}rez, Patrick and Gangnet, Michel and Blake, Andrew},
 title = {Poisson Image Editing},
 booktitle = {ACM SIGGRAPH 2003 Papers},
 series = {SIGGRAPH '03},
 year = {2003},
 isbn = {1-58113-709-5},
 location = {San Diego, California},
 pages = {313--318},
 numpages = {6},
 url = {http://doi.acm.org/10.1145/1201775.882269},
 doi = {10.1145/1201775.882269},
 acmid = {882269},
 publisher = {ACM},
 address = {New York, NY, USA},
 keywords = {Poisson equation, guided interpolation, image gradient, interactive image editing, seamless cloning, selection editing},
} 

@article{Clevert:2015,
  title={Fast and Accurate Deep Network Learning by Exponential Linear Units (ELUs)},
  author={Djork-Arn{\'e} Clevert and Thomas Unterthiner and Sepp Hochreiter},
  journal={CoRR},
  year={2015},
  volume={abs/1511.07289}
}

@article{Liu:2018,
  author    = {Guilin Liu and
               Fitsum A. Reda and
               Kevin J. Shih and
               Ting{-}Chun Wang and
               Andrew Tao and
               Bryan Catanzaro},
  title     = {Image Inpainting for Irregular Holes Using Partial Convolutions},
  journal   = {CoRR},
  volume    = {abs/1804.07723},
  year      = {2018},
  url       = {http://arxiv.org/abs/1804.07723},
  archivePrefix = {arXiv},
  eprint    = {1804.07723},
  timestamp = {Mon, 13 Aug 2018 16:48:03 +0200},
  biburl    = {https://dblp.org/rec/bib/journals/corr/abs-1804-07723},
  bibsource = {dblp computer science bibliography, https://dblp.org}
}

@article{Isola:2016,
  author    = {Phillip Isola and
               Jun{-}Yan Zhu and
               Tinghui Zhou and
               Alexei A. Efros},
  title     = {Image-to-Image Translation with Conditional Adversarial Networks},
  journal   = {CoRR},
  volume    = {abs/1611.07004},
  year      = {2016},
  url       = {http://arxiv.org/abs/1611.07004},
  archivePrefix = {arXiv},
  eprint    = {1611.07004},
  timestamp = {Mon, 13 Aug 2018 16:49:05 +0200},
  biburl    = {https://dblp.org/rec/bib/journals/corr/IsolaZZE16},
  bibsource = {dblp computer science bibliography, https://dblp.org}
}

@article{Johnson:2016,
  author    = {Justin Johnson and
               Alexandre Alahi and
               Fei{-}Fei Li},
  title     = {Perceptual Losses for Real-Time Style Transfer and Super-Resolution},
  journal   = {CoRR},
  volume    = {abs/1603.08155},
  year      = {2016}
}

@article{Gatys:2015,
  author    = {Leon A. Gatys and
               Alexander S. Ecker and
               Matthias Bethge},
  title     = {A Neural Algorithm of Artistic Style},
  journal   = {CoRR},
  volume    = {abs/1508.06576},
  year      = {2015}
}

@article{Miyato:2018,
  author    = {Takeru Miyato and
               Toshiki Kataoka and
               Masanori Koyama and
               Yuichi Yoshida},
  title     = {Spectral Normalization for Generative Adversarial Networks},
  journal   = {CoRR},
  volume    = {abs/1802.05957},
  year      = {2018},
  url       = {http://arxiv.org/abs/1802.05957},
  archivePrefix = {arXiv},
  eprint    = {1802.05957},
  timestamp = {Mon, 13 Aug 2018 16:48:15 +0200},
  biburl    = {https://dblp.org/rec/bib/journals/corr/abs-1802-05957},
  bibsource = {dblp computer science bibliography, https://dblp.org}
}