
  	
@article{Pinchon:2007,
  author={Didier Pinchon and Philip E Hoggan},
  title={Rotation matrices for real spherical harmonics: general rotations of atomic orbitals in space-fixed axes},
  journal={Journal of Physics A: Mathematical and Theoretical},
  volume={40},
  number={7},
  pages={1597},
  url={http://stacks.iop.org/1751-8121/40/i=7/a=011},
  year={2007},  
}

@article{Nowrouzezahrai:2012,
  year = 2012,
  journal = {ACM Transactions on Graphics},
  title = {Sparse Zonal Harmonic Factorization for Efficient SH Rotation},
  author = {Derek Nowrouzezahrai and Patricio Simari and Eugene Fiume},
}

@article{Lessig:2012,
title = "Efficient and accurate rotation of finite spherical harmonics expansions ",
journal = "Journal of Computational Physics ",
volume = "231",
number = "2",
pages = "243 - 250",
year = "2012",
note = "",
issn = "0021-9991",
doi = "http://dx.doi.org/10.1016/j.jcp.2011.09.014",
url = "http://www.sciencedirect.com/science/article/pii/S0021999111005468",
author = "C. Lessig and T. de Witt and E. Fiume",
keywords = "Spherical harmonics",
keywords = "Reproducing kernel Hilbert spaces",
keywords = "Rotation "
}
