@inproceedings{Wang:2009,
 author = {Wang, Jiaping and Ren, Peiran and Gong, Minmin and Snyder, John and Guo, Baining},
 title = {All-frequency Rendering of Dynamic, Spatially-varying Reflectance},
 booktitle = {ACM SIGGRAPH Asia 2009 Papers},
 series = {SIGGRAPH Asia '09},
 year = {2009},
 isbn = {978-1-60558-858-2},
 location = {Yokohama, Japan},
 pages = {133:1--133:10},
 articleno = {133},
 numpages = {10},
 url = {http://doi.acm.org/10.1145/1661412.1618479},
 doi = {10.1145/1661412.1618479},
 acmid = {1618479},
 publisher = {ACM},
 address = {New York, NY, USA},
} 

@article{Xu:2013,
 author = {Xu, Kun and Sun, Wei-Lun and Dong, Zhao and Zhao, Dan-Yong and Wu, Run-Dong and Hu, Shi-Min},
 title = {Anisotropic Spherical Gaussians},
 journal = {ACM Trans. Graph.},
 issue_date = {November 2013},
 volume = {32},
 number = {6},
 month = nov,
 year = {2013},
 issn = {0730-0301},
 pages = {209:1--209:11},
 articleno = {209},
 numpages = {11},
 url = {http://doi.acm.org/10.1145/2508363.2508386},
 doi = {10.1145/2508363.2508386},
 acmid = {2508386},
 publisher = {ACM},
 address = {New York, NY, USA},
 keywords = {anisotropic BRDFs, anisotropic spherical Gaussians, spherical Gaussians},
} 

@article{Iwasaki:2012,
 author = {Iwasaki, Kei and Furuya, Wataru and Dobashi, Yoshinori and Nishita, Tomoyuki},
 title = {Real-time Rendering of Dynamic Scenes Under All-frequency Lighting Using Integral Spherical Gaussian},
 journal = {Comput. Graph. Forum},
 issue_date = {May 2012},
 volume = {31},
 number = {2pt4},
 month = may,
 year = {2012},
 issn = {0167-7055},
 pages = {727--734},
 numpages = {8},
 url = {http://dx.doi.org/10.1111/j.1467-8659.2012.03052.x},
 doi = {10.1111/j.1467-8659.2012.03052.x},
 acmid = {2322139},
 publisher = {The Eurographs Association \&\#38; John Wiley \&\#38; Sons, Ltd.},
 address = {Chichester, UK},
 keywords = {I.3.7 [Computer Graphics]: Three-Dimensional Graphics and Realism \&\#x2014;Color, shading, shadowing and texture},
} 

@article{Iwasaki:2014,
 author = {Iwasaki, K. and Mizutani, K. and Dobasbi, Y. and Nishita, T.},
 title = {Interactive Cloth Rendering of Microcylinder Appearance Model Under Environment Lighting},
 journal = {Comput. Graph. Forum},
 issue_date = {May 2014},
 volume = {33},
 number = {2},
 month = may,
 year = {2014},
 issn = {0167-7055},
 pages = {333--340},
 numpages = {8},
 url = {http://dx.doi.org/10.1111/cgf.12302},
 doi = {10.1111/cgf.12302},
 acmid = {2771475},
 publisher = {The Eurographs Association \&\#38; John Wiley \&\#38; Sons, Ltd.},
 address = {Chichester, UK},
 keywords = {Categories and Subject Descriptors according to ACM CCS:, I.3.7 [Computer Graphics]: Three-Dimensional Graphics and Realism-Color, shading, shadowing, and texture},
} 

@article{Sadeghi:2013,
 author = {Sadeghi, Iman and Bisker, Oleg and De Deken, Joachim and Jensen, Henrik Wann},
 title = {A Practical Microcylinder Appearance Model for Cloth Rendering},
 journal = {ACM Trans. Graph.},
 issue_date = {April 2013},
 volume = {32},
 number = {2},
 month = apr,
 year = {2013},
 issn = {0730-0301},
 pages = {14:1--14:12},
 articleno = {14},
 numpages = {12},
 url = {http://doi.acm.org/10.1145/2451236.2451240},
 doi = {10.1145/2451236.2451240},
 acmid = {2451240},
 publisher = {ACM},
 address = {New York, NY, USA},
 keywords = {Cloth rendering, anisotropic BRDF, appearance modeling, microcylinders, weaving pattern},
} 

@article{Marschner:2003,
 author = {Marschner, Stephen R. and Jensen, Henrik Wann and Cammarano, Mike and Worley, Steve and Hanrahan, Pat},
 title = {Light Scattering from Human Hair Fibers},
 journal = {ACM Trans. Graph.},
 issue_date = {July 2003},
 volume = {22},
 number = {3},
 month = jul,
 year = {2003},
 issn = {0730-0301},
 pages = {780--791},
 numpages = {12},
 url = {http://doi.acm.org/10.1145/882262.882345},
 doi = {10.1145/882262.882345},
 acmid = {882345},
 publisher = {ACM},
 address = {New York, NY, USA},
 keywords = {fibers, hair, optical scattering, rendering},
} 

