@article{He:2015,
  author    = {Kaiming He and
               Xiangyu Zhang and
               Shaoqing Ren and
               Jian Sun},
  title     = {Deep Residual Learning for Image Recognition},
  journal   = {CoRR},
  volume    = {abs/1512.03385},
  year      = {2015}
}

@INPROCEEDINGS{Glorot:2010,
     author = {Glorot, Xavier and Bengio, Yoshua},
      month = may,
      title = {Understanding the difficulty of training deep feedforward neural networks},
  booktitle = {JMLR W\&CP: Proceedings of the Thirteenth International Conference on Artificial Intelligence and Statistics (AISTATS 2010)},
     volume = {9},
       year = {2010},
      pages = {249-256},
   location = {Chia Laguna Resort, Sardinia, Italy},
}

@article{HeInit:2015,
  author    = {Kaiming He and
               Xiangyu Zhang and
               Shaoqing Ren and
               Jian Sun},
  title     = {Delving Deep into Rectifiers: Surpassing Human-Level Performance on ImageNet Classification},
  journal   = {CoRR},
  volume    = {abs/1502.01852},
  year      = {2015}
}

@article{Ioffe:2015,
  author    = {Sergey Ioffe and
               Christian Szegedy},
  title     = {Batch Normalization: Accelerating Deep Network Training by Reducing
               Internal Covariate Shift},
  journal   = {CoRR},
  volume    = {abs/1502.03167},
  year      = {2015}
}

@article{Gross:2016,
	author = {Sam Gross and Kimberly Wilber},
	title = {Training and Investigating Residual Nets},
	howpublished = {\url{http://torch.ch/blog/2016/02/04/resnets.html}},
	year = {2016}
}