@misc{Karras:2022,
  doi = {10.48550/ARXIV.2206.00364},
  
  url = {https://arxiv.org/abs/2206.00364},
  
  author = {Karras, Tero and Aittala, Miika and Aila, Timo and Laine, Samuli},
  
  keywords = {Computer Vision and Pattern Recognition (cs.CV), Artificial Intelligence (cs.AI), Machine Learning (cs.LG), Neural and Evolutionary Computing (cs.NE), Machine Learning (stat.ML), FOS: Computer and information sciences, FOS: Computer and information sciences},
  
  title = {Elucidating the Design Space of Diffusion-Based Generative Models},
  
  publisher = {arXiv},
  
  year = {2022},
  
  copyright = {arXiv.org perpetual, non-exclusive license}
}

@inproceedings{
  Song:2021,
  title={Score-Based Generative Modeling through Stochastic Differential Equations},
  author={Yang Song and Jascha Sohl-Dickstein and Diederik P Kingma and Abhishek Kumar and Stefano Ermon and Ben Poole},
  booktitle={International Conference on Learning Representations},
  year={2021},
  url={https://openreview.net/forum?id=PxTIG12RRHS}
}

@misc{Nichol:2021,
  doi = {10.48550/ARXIV.2102.09672},
  
  url = {https://arxiv.org/abs/2102.09672},
  
  author = {Nichol, Alex and Dhariwal, Prafulla},
  
  keywords = {Machine Learning (cs.LG), Artificial Intelligence (cs.AI), Machine Learning (stat.ML), FOS: Computer and information sciences, FOS: Computer and information sciences},
  
  title = {Improved Denoising Diffusion Probabilistic Models},
  
  publisher = {arXiv},
  
  year = {2021},
  
  copyright = {arXiv.org perpetual, non-exclusive license}
}

@misc{Song:DDIM:2020,
  doi = {10.48550/ARXIV.2010.02502},
  
  url = {https://arxiv.org/abs/2010.02502},
  
  author = {Song, Jiaming and Meng, Chenlin and Ermon, Stefano},
  
  keywords = {Machine Learning (cs.LG), Computer Vision and Pattern Recognition (cs.CV), FOS: Computer and information sciences, FOS: Computer and information sciences},
  
  title = {Denoising Diffusion Implicit Models},
  
  publisher = {arXiv},
  
  year = {2020},
  
  copyright = {arXiv.org perpetual, non-exclusive license}
}

@misc{Jolicoeur-Martineau:2021,
  doi = {10.48550/ARXIV.2105.14080},
  
  url = {https://arxiv.org/abs/2105.14080},
  
  author = {Jolicoeur-Martineau, Alexia and Li, Ke and Piché-Taillefer, Rémi and Kachman, Tal and Mitliagkas, Ioannis},
  
  keywords = {Machine Learning (cs.LG), Computer Vision and Pattern Recognition (cs.CV), Optimization and Control (math.OC), Machine Learning (stat.ML), FOS: Computer and information sciences, FOS: Computer and information sciences, FOS: Mathematics, FOS: Mathematics},
  
  title = {Gotta Go Fast When Generating Data with Score-Based Models},
  
  publisher = {arXiv},
  
  year = {2021},
  
  copyright = {arXiv.org perpetual, non-exclusive license}
}

@misc{Sarkka:2012,
  author = {Simo S\"{a}rkk\"{a}},  
  title = {Applied Stochastic Differential Equations},
  howpublished = {\url{https://users.aalto.fi/~ssarkka/course_s2012/pdf/sde_course_booklet_2012.pdf}},
  note = {Accessed: 2022-01-21},
  year = 2012
}

@Book{Sarkka:2019,
  author = {Simo S\"{a}rkk\"{a} and Arno Solin},  
  title = {Applied Stochastic Differential Equations},
  publisher = "Cambridge University Press",
  year      = "2019"
}

@misc{KhungurnScoreBased,
    author = {Pramook Khungurn},
    title = {Score-Based Generative Models},
    howpublished = {\url{https://pkhungurn.github.io/notes/notes/ml/score-based-generative-models/score-based-generative-models.pdf}},
    year = 2022,
    note = {Accessed: 2023-01-15},
}
