@INPROCEEDINGS{hsu:1994,
    author = {Jean Hsu and David M. Chelberg},
    title = {Visible Light and X-Ray Ray Tracing of Generalized Cylinders},
    booktitle = {Computer Vision, Graphics, and Image Processing: Graphical Models and Image Processing},
    year = {1994},
    pages = {392--401}
}

@article{Bronsvoort:1985,
 author = {Bronsvoort, Willem F. and Klok, Fopke},
 title = {Ray tracing generalized cylinders},
 journal = {ACM Trans. Graph.},
 issue_date = {Oct. 1985},
 volume = {4},
 number = {4},
 month = oct,
 year = {1985},
 issn = {0730-0301},
 pages = {291--303},
 numpages = {13},
 url = {http://doi.acm.org/10.1145/6116.6118},
 doi = {10.1145/6116.6118},
 acmid = {6118},
 publisher = {ACM},
 address = {New York, NY, USA},
} 

@article {Bronsvoort:1989,
   author = {Bronsvoort, Willem F. and van Nieuwenhuizen, Peter R. and Post, Frits H.},
   affiliation = {Faculty of Technical Mathematics and Informatics Delft University of Technology Julianalaan 132 2628 BL Delft The Netherlands},
   title = {Display of profiled sweep objects},
   journal = {The Visual Computer},
   publisher = {Springer Berlin / Heidelberg},
   issn = {0178-2789},
   keyword = {Computer Science},
   pages = {147-157},
   volume = {5},
   issue = {3},
   url = {http://dx.doi.org/10.1007/BF01901389},
   note = {10.1007/BF01901389},
   year = {1989}
}