@misc{Song:2023,
  doi = {10.48550/ARXIV.2303.01469},
  
  url = {https://arxiv.org/abs/2303.01469},
  
  author = {Song, Yang and Dhariwal, Prafulla and Chen, Mark and Sutskever, Ilya},
  
  keywords = {Machine Learning (cs.LG), Computer Vision and Pattern Recognition (cs.CV), Machine Learning (stat.ML), FOS: Computer and information sciences, FOS: Computer and information sciences},
  
  title = {Consistency Models},
  
  publisher = {arXiv},
  
  year = {2023},
  
  copyright = {arXiv.org perpetual, non-exclusive license}
}


@misc{Karras:2022,
  doi = {10.48550/ARXIV.2206.00364},
  
  url = {https://arxiv.org/abs/2206.00364},
  
  author = {Karras, Tero and Aittala, Miika and Aila, Timo and Laine, Samuli},
  
  keywords = {Computer Vision and Pattern Recognition (cs.CV), Artificial Intelligence (cs.AI), Machine Learning (cs.LG), Neural and Evolutionary Computing (cs.NE), Machine Learning (stat.ML), FOS: Computer and information sciences, FOS: Computer and information sciences},
  
  title = {Elucidating the Design Space of Diffusion-Based Generative Models},
  
  publisher = {arXiv},
  
  year = {2022},
  
  copyright = {arXiv.org perpetual, non-exclusive license}
}

@inproceedings{
  Song:2021,
  title={Score-Based Generative Modeling through Stochastic Differential Equations},
  author={Yang Song and Jascha Sohl-Dickstein and Diederik P Kingma and Abhishek Kumar and Stefano Ermon and Ben Poole},
  booktitle={International Conference on Learning Representations},
  year={2021},
  url={https://openreview.net/forum?id=PxTIG12RRHS}
}

@misc{Nichol:2021,
  doi = {10.48550/ARXIV.2102.09672},
  
  url = {https://arxiv.org/abs/2102.09672},
  
  author = {Nichol, Alex and Dhariwal, Prafulla},
  
  keywords = {Machine Learning (cs.LG), Artificial Intelligence (cs.AI), Machine Learning (stat.ML), FOS: Computer and information sciences, FOS: Computer and information sciences},
  
  title = {Improved Denoising Diffusion Probabilistic Models},
  
  publisher = {arXiv},
  
  year = {2021},
  
  copyright = {arXiv.org perpetual, non-exclusive license}
}

@misc{Song:DDIM:2020,
  doi = {10.48550/ARXIV.2010.02502},
  
  url = {https://arxiv.org/abs/2010.02502},
  
  author = {Song, Jiaming and Meng, Chenlin and Ermon, Stefano},
  
  keywords = {Machine Learning (cs.LG), Computer Vision and Pattern Recognition (cs.CV), FOS: Computer and information sciences, FOS: Computer and information sciences},
  
  title = {Denoising Diffusion Implicit Models},
  
  publisher = {arXiv},
  
  year = {2020},
  
  copyright = {arXiv.org perpetual, non-exclusive license}
}

@misc{Jolicoeur-Martineau:2021,
  doi = {10.48550/ARXIV.2105.14080},
  
  url = {https://arxiv.org/abs/2105.14080},
  
  author = {Jolicoeur-Martineau, Alexia and Li, Ke and Piché-Taillefer, Rémi and Kachman, Tal and Mitliagkas, Ioannis},
  
  keywords = {Machine Learning (cs.LG), Computer Vision and Pattern Recognition (cs.CV), Optimization and Control (math.OC), Machine Learning (stat.ML), FOS: Computer and information sciences, FOS: Computer and information sciences, FOS: Mathematics, FOS: Mathematics},
  
  title = {Gotta Go Fast When Generating Data with Score-Based Models},
  
  publisher = {arXiv},
  
  year = {2021},
  
  copyright = {arXiv.org perpetual, non-exclusive license}
}

@misc{Sarkka:2012,
  author = {Simo S\"{a}rkk\"{a}},  
  title = {Applied Stochastic Differential Equations},
  howpublished = {\url{https://users.aalto.fi/~ssarkka/course_s2012/pdf/sde_course_booklet_2012.pdf}},
  note = {Accessed: 2022-01-21},
  year = 2012
}

@Book{Sarkka:2019,
  author = {Simo S\"{a}rkk\"{a} and Arno Solin},  
  title = {Applied Stochastic Differential Equations},
  publisher = "Cambridge University Press",
  year      = "2019"
}

@misc{KhungurnScoreBased,
    author = {Pramook Khungurn},
    title = {Score-Based Generative Models},
    howpublished = {\url{https://pkhungurn.github.io/notes/notes/ml/score-based-generative-models/score-based-generative-models.pdf}},
    year = 2022,
    note = {Accessed: 2023-06-13},
}

@misc{KhungurnVAE,
    author = {Pramook Khungurn},
    title = {Variational Autoencoder},
    howpublished = {\url{https://pkhungurn.github.io/notes/notes/ml/vae/index.html}},
    year = 2020,
    note = {Accessed: 2023-06-13},
}

@misc{KhungurnVDM,
    author = {Pramook Khungurn},
    title = {Variational Diffusion Models},
    howpublished = {\url{https://pkhungurn.github.io/notes/notes/ml/variational-diffusion-models/variational-diffusion-models.pdf}},
    year = 2022,
    note = {Accessed: 2023-06-13},
}

@article{Anderson:1982,
title = {Reverse-time diffusion equation models},
journal = {Stochastic Processes and their Applications},
volume = {12},
number = {3},
pages = {313-326},
year = {1982},
issn = {0304-4149},
doi = {https://doi.org/10.1016/0304-4149(82)90051-5},
url = {https://www.sciencedirect.com/science/article/pii/0304414982900515},
author = {Brian D.O. Anderson},
abstract = {Reverse-time stochastic diffusion equation models are defined and it is shown how most processes defined via a forward-time or conventional diffusion equation model have an associated reverse-time model.}
}

@inproceedings{Dhariwal:2021,
 author = {Dhariwal, Prafulla and Nichol, Alexander},
 booktitle = {Advances in Neural Information Processing Systems},
 editor = {M. Ranzato and A. Beygelzimer and Y. Dauphin and P.S. Liang and J. Wortman Vaughan},
 pages = {8780--8794},
 publisher = {Curran Associates, Inc.},
 title = {Diffusion Models Beat GANs on Image Synthesis},
 url = {https://proceedings.neurips.cc/paper/2021/file/49ad23d1ec9fa4bd8d77d02681df5cfa-Paper.pdf},
 volume = {34},
 year = {2021}
}

@article{Salimans:2022,
  author    = {Tim Salimans and
               Jonathan Ho},
  title     = {Progressive Distillation for Fast Sampling of Diffusion Models},
  journal   = {CoRR},
  volume    = {abs/2202.00512},
  year      = {2022},
  url       = {https://arxiv.org/abs/2202.00512},
  eprinttype = {arXiv},
  eprint    = {2202.00512},
  timestamp = {Wed, 09 Feb 2022 15:43:34 +0100},
  biburl    = {https://dblp.org/rec/journals/corr/abs-2202-00512.bib},
  bibsource = {dblp computer science bibliography, https://dblp.org}
}

@misc{Kingma:2021,
  doi = {10.48550/ARXIV.2107.00630},
  
  url = {https://arxiv.org/abs/2107.00630},
  
  author = {Kingma, Diederik P. and Salimans, Tim and Poole, Ben and Ho, Jonathan},
  
  keywords = {Machine Learning (cs.LG), Machine Learning (stat.ML), FOS: Computer and information sciences, FOS: Computer and information sciences},
  
  title = {Variational Diffusion Models},
  
  publisher = {arXiv},
  
  year = {2021},
  
  copyright = {Creative Commons Attribution 4.0 International}
}

@article{Ho:2020,
  author    = {Jonathan Ho and
               Ajay Jain and
               Pieter Abbeel},
  title     = {Denoising Diffusion Probabilistic Models},
  journal   = {CoRR},
  volume    = {abs/2006.11239},
  year      = {2020},
  url       = {https://arxiv.org/abs/2006.11239},
  eprinttype = {arXiv},
  eprint    = {2006.11239},
  timestamp = {Tue, 23 Jun 2020 17:57:22 +0200},
  biburl    = {https://dblp.org/rec/journals/corr/abs-2006-11239.bib},
  bibsource = {dblp computer science bibliography, https://dblp.org}
}

@misc{Luhman:2021,
  doi = {10.48550/ARXIV.2101.02388},
  
  url = {https://arxiv.org/abs/2101.02388},
  
  author = {Luhman, Eric and Luhman, Troy},
  
  keywords = {Machine Learning (cs.LG), FOS: Computer and information sciences, FOS: Computer and information sciences},
  
  title = {Knowledge Distillation in Iterative Generative Models for Improved Sampling Speed},
  
  publisher = {arXiv},
  
  year = {2021},
  
  copyright = {Creative Commons Attribution Share Alike 4.0 International}
}

@misc{Meng:2021,
  doi = {10.48550/ARXIV.2108.01073},
  
  url = {https://arxiv.org/abs/2108.01073},
  
  author = {Meng, Chenlin and He, Yutong and Song, Yang and Song, Jiaming and Wu, Jiajun and Zhu, Jun-Yan and Ermon, Stefano},
  
  keywords = {Computer Vision and Pattern Recognition (cs.CV), Artificial Intelligence (cs.AI), FOS: Computer and information sciences, FOS: Computer and information sciences},
  
  title = {SDEdit: Guided Image Synthesis and Editing with Stochastic Differential Equations},
  
  publisher = {arXiv},
  
  year = {2021},
  
  copyright = {arXiv.org perpetual, non-exclusive license}
}

@misc{Zhang:2018,
  doi = {10.48550/ARXIV.1801.03924},
  
  url = {https://arxiv.org/abs/1801.03924},
  
  author = {Zhang, Richard and Isola, Phillip and Efros, Alexei A. and Shechtman, Eli and Wang, Oliver},
  
  keywords = {Computer Vision and Pattern Recognition (cs.CV), Graphics (cs.GR), FOS: Computer and information sciences, FOS: Computer and information sciences},
  
  title = {The Unreasonable Effectiveness of Deep Features as a Perceptual Metric},
  
  publisher = {arXiv},
  
  year = {2018},
  
  copyright = {arXiv.org perpetual, non-exclusive license}
}

@inproceedings{Grill:2020,
 author = {Grill, Jean-Bastien and Strub, Florian and Altch\'{e}, Florent and Tallec, Corentin and Richemond, Pierre and Buchatskaya, Elena and Doersch, Carl and Avila Pires, Bernardo and Guo, Zhaohan and Gheshlaghi Azar, Mohammad and Piot, Bilal and kavukcuoglu, koray and Munos, Remi and Valko, Michal},
 booktitle = {Advances in Neural Information Processing Systems},
 editor = {H. Larochelle and M. Ranzato and R. Hadsell and M.F. Balcan and H. Lin},
 pages = {21271--21284},
 publisher = {Curran Associates, Inc.},
 title = {Bootstrap Your Own Latent - A New Approach to Self-Supervised Learning},
 url = {https://proceedings.neurips.cc/paper/2020/file/f3ada80d5c4ee70142b17b8192b2958e-Paper.pdf},
 volume = {33},
 year = {2020}
}

@misc{He:2019,
  doi = {10.48550/ARXIV.1911.05722},
  
  url = {https://arxiv.org/abs/1911.05722},
  
  author = {He, Kaiming and Fan, Haoqi and Wu, Yuxin and Xie, Saining and Girshick, Ross},
  
  keywords = {Computer Vision and Pattern Recognition (cs.CV), FOS: Computer and information sciences, FOS: Computer and information sciences},
  
  title = {Momentum Contrast for Unsupervised Visual Representation Learning},
  
  publisher = {arXiv},
  
  year = {2019},
  
  copyright = {arXiv.org perpetual, non-exclusive license}
}

@misc{Kynkaanniemi:2019,
  doi = {10.48550/ARXIV.1904.06991},
  
  url = {https://arxiv.org/abs/1904.06991},
  
  author = {Kynkäänniemi, Tuomas and Karras, Tero and Laine, Samuli and Lehtinen, Jaakko and Aila, Timo},
  
  keywords = {Machine Learning (stat.ML), Machine Learning (cs.LG), Neural and Evolutionary Computing (cs.NE), FOS: Computer and information sciences, FOS: Computer and information sciences},
  
  title = {Improved Precision and Recall Metric for Assessing Generative Models},
  
  publisher = {arXiv},
  
  year = {2019},
  
  copyright = {arXiv.org perpetual, non-exclusive license}
}

@misc{Zhang:2022,
  doi = {10.48550/ARXIV.2211.13449},
  
  url = {https://arxiv.org/abs/2211.13449},
  
  author = {Zheng, Hongkai and Nie, Weili and Vahdat, Arash and Azizzadenesheli, Kamyar and Anandkumar, Anima},
  
  keywords = {Machine Learning (cs.LG), Computer Vision and Pattern Recognition (cs.CV), FOS: Computer and information sciences, FOS: Computer and information sciences},
  
  title = {Fast Sampling of Diffusion Models via Operator Learning},
  
  publisher = {arXiv},
  
  year = {2022},
  
  copyright = {arXiv.org perpetual, non-exclusive license}
}

@misc{Sauer:2022,
  doi = {10.48550/ARXIV.2202.00273},
  
  url = {https://arxiv.org/abs/2202.00273},
  
  author = {Sauer, Axel and Schwarz, Katja and Geiger, Andreas},
  
  keywords = {Machine Learning (cs.LG), Computer Vision and Pattern Recognition (cs.CV), FOS: Computer and information sciences, FOS: Computer and information sciences},
  
  title = {StyleGAN-XL: Scaling StyleGAN to Large Diverse Datasets},
  
  publisher = {arXiv},
  
  year = {2022},
  
  copyright = {arXiv.org perpetual, non-exclusive license}
}

@misc{Karras:2019,
  doi = {10.48550/ARXIV.1912.04958},
  
  url = {https://arxiv.org/abs/1912.04958},
  
  author = {Karras, Tero and Laine, Samuli and Aittala, Miika and Hellsten, Janne and Lehtinen, Jaakko and Aila, Timo},
  
  keywords = {Computer Vision and Pattern Recognition (cs.CV), Machine Learning (cs.LG), Neural and Evolutionary Computing (cs.NE), Image and Video Processing (eess.IV), Machine Learning (stat.ML), FOS: Computer and information sciences, FOS: Computer and information sciences, FOS: Electrical engineering, electronic engineering, information engineering, FOS: Electrical engineering, electronic engineering, information engineering},
  
  title = {Analyzing and Improving the Image Quality of StyleGAN},
  
  publisher = {arXiv},
  
  year = {2019},
  
  copyright = {arXiv.org perpetual, non-exclusive license}
}

@inproceedings{Karras:2020,
  title     = {Training Generative Adversarial Networks with Limited Data},
  author    = {Tero Karras and Miika Aittala and Janne Hellsten and Samuli Laine and Jaakko Lehtinen and Timo Aila},
  booktitle = {Proc. NeurIPS},
  year      = {2020}
}

@misc{Brock:2018,
  doi = {10.48550/ARXIV.1809.11096},
  
  url = {https://arxiv.org/abs/1809.11096},
  
  author = {Brock, Andrew and Donahue, Jeff and Simonyan, Karen},
  
  keywords = {Machine Learning (cs.LG), Machine Learning (stat.ML), FOS: Computer and information sciences, FOS: Computer and information sciences},
  
  title = {Large Scale GAN Training for High Fidelity Natural Image Synthesis},
  
  publisher = {arXiv},
  
  year = {2018},
  
  copyright = {arXiv.org perpetual, non-exclusive license}
}

@misc{Xu:2023,
      title={Stable Target Field for Reduced Variance Score Estimation in Diffusion Models}, 
      author={Yilun Xu and Shangyuan Tong and Tommi Jaakkola},
      year={2023},
      eprint={2302.00670},
      archivePrefix={arXiv},
      primaryClass={cs.LG}
}

@misc{Liu:2022,
      title={Pseudo Numerical Methods for Diffusion Models on Manifolds}, 
      author={Luping Liu and Yi Ren and Zhijie Lin and Zhou Zhao},
      year={2022},
      eprint={2202.09778},
      archivePrefix={arXiv},
      primaryClass={cs.CV}
}

@misc{Wizadwongsa:2023,
      title={Accelerating Guided Diffusion Sampling with Splitting Numerical Methods}, 
      author={Suttisak Wizadwongsa and Supasorn Suwajanakorn},
      year={2023},
      eprint={2301.11558},
      archivePrefix={arXiv},
      primaryClass={cs.CV}
}

@misc{Vahdat:2021,
      title={Score-based Generative Modeling in Latent Space}, 
      author={Arash Vahdat and Karsten Kreis and Jan Kautz},
      year={2021},
      eprint={2106.05931},
      archivePrefix={arXiv},
      primaryClass={stat.ML}
}

@misc{Su:2018,
      title={f-VAEs: Improve VAEs with Conditional Flows}, 
      author={Jianlin Su and Guang Wu},
      year={2018},
      eprint={1809.05861},
      archivePrefix={arXiv},
      primaryClass={cs.LG}
}

@misc{Vahdat:2021:NVAE,
      title={NVAE: A Deep Hierarchical Variational Autoencoder}, 
      author={Arash Vahdat and Jan Kautz},
      year={2021},
      eprint={2007.03898},
      archivePrefix={arXiv},
      primaryClass={stat.ML}
}

@misc{Gu:2023,
      title={BOOT: Data-free Distillation of Denoising Diffusion Models with Bootstrapping}, 
      author={Jiatao Gu and Shuangfei Zhai and Yizhe Zhang and Lingjie Liu and Josh Susskind},
      year={2023},
      eprint={2306.05544},
      archivePrefix={arXiv},
      primaryClass={cs.CV}
}

@misc{Meng:2023,
      title={On Distillation of Guided Diffusion Models}, 
      author={Chenlin Meng and Robin Rombach and Ruiqi Gao and Diederik P. Kingma and Stefano Ermon and Jonathan Ho and Tim Salimans},
      year={2023},
      eprint={2210.03142},
      archivePrefix={arXiv},
      primaryClass={cs.CV}
}

@misc{Berthelot:2023,
      title={TRACT: Denoising Diffusion Models with Transitive Closure Time-Distillation}, 
      author={David Berthelot and Arnaud Autef and Jierui Lin and Dian Ang Yap and Shuangfei Zhai and Siyuan Hu and Daniel Zheng and Walter Talbott and Eric Gu},
      year={2023},
      eprint={2303.04248},
      archivePrefix={arXiv},
      primaryClass={cs.LG}
}

@misc{Wang:2023,
      title={DiffusionDB: A Large-scale Prompt Gallery Dataset for Text-to-Image Generative Models}, 
      author={Zijie J. Wang and Evan Montoya and David Munechika and Haoyang Yang and Benjamin Hoover and Duen Horng Chau},
      year={2023},
      eprint={2210.14896},
      archivePrefix={arXiv},
      primaryClass={cs.CV}
}