@inproceedings{Annen:2007,
 author = {Annen, Thomas and Mertens, Tom and Bekaert, Philippe and Seidel, Hans-Peter and Kautz, Jan},
 title = {Convolution Shadow Maps},
 booktitle = {Proceedings of the 18th Eurographics Conference on Rendering Techniques},
 series = {EGSR'07},
 year = {2007},
 isbn = {978-3-905673-52-4},
 location = {Grenoble, France},
 pages = {51--60},
 numpages = {10},
 url = {http://dx.doi.org/10.2312/EGWR/EGSR07/051-060},
 doi = {10.2312/EGWR/EGSR07/051-060},
 acmid = {2383857},
 publisher = {Eurographics Association},
 address = {Aire-la-Ville, Switzerland, Switzerland},
} 

@inproceedings{Fernando:2005,
 author = {Fernando, Randima},
 title = {Percentage-closer Soft Shadows},
 booktitle = {ACM SIGGRAPH 2005 Sketches},
 series = {SIGGRAPH '05},
 year = {2005},
 location = {Los Angeles, California},
 articleno = {35},
 url = {http://doi.acm.org/10.1145/1187112.1187153},
 doi = {10.1145/1187112.1187153},
 acmid = {1187153},
 publisher = {ACM},
 address = {New York, NY, USA},
} 

@inproceedings{Williams:1978,
 author = {Williams, Lance},
 title = {Casting Curved Shadows on Curved Surfaces},
 booktitle = {Proceedings of the 5th Annual Conference on Computer Graphics and Interactive Techniques},
 series = {SIGGRAPH '78},
 year = {1978},
 pages = {270--274},
 numpages = {5},
 url = {http://doi.acm.org/10.1145/800248.807402},
 doi = {10.1145/800248.807402},
 acmid = {807402},
 publisher = {ACM},
 address = {New York, NY, USA},
 keywords = {Computer animation, Computer graphics, Hidden surface algorithms, Shadows},
} 

@inproceedings{Reeves:1987,
 author = {Reeves, William T. and Salesin, David H. and Cook, Robert L.},
 title = {Rendering Antialiased Shadows with Depth Maps},
 booktitle = {Proceedings of the 14th Annual Conference on Computer Graphics and Interactive Techniques},
 series = {SIGGRAPH '87},
 year = {1987},
 isbn = {0-89791-227-6},
 pages = {283--291},
 numpages = {9},
 url = {http://doi.acm.org/10.1145/37401.37435},
 doi = {10.1145/37401.37435},
 acmid = {37435},
 publisher = {ACM},
 address = {New York, NY, USA},
} 

@inproceedings{Donnelly:2006,
 author = {Donnelly, William and Lauritzen, Andrew},
 title = {Variance Shadow Maps},
 booktitle = {Proceedings of the 2006 Symposium on Interactive 3D Graphics and Games},
 series = {I3D '06},
 year = {2006},
 isbn = {1-59593-295-X},
 location = {Redwood City, California},
 pages = {161--165},
 numpages = {5},
 url = {http://doi.acm.org/10.1145/1111411.1111440},
 doi = {10.1145/1111411.1111440},
 acmid = {1111440},
 publisher = {ACM},
 address = {New York, NY, USA},
 keywords = {graphics hardware, real-time rendering, shader programming, shadow maps},
} 

@inproceedings{Annen:2008,
 author = {Annen, Thomas and Dong, Zhao and Mertens, Tom and Bekaert, Philippe and Seidel, Hans-Peter and Kautz, Jan},
 title = {Real-time, All-frequency Shadows in Dynamic Scenes},
 booktitle = {ACM SIGGRAPH 2008 Papers},
 series = {SIGGRAPH '08},
 year = {2008},
 isbn = {978-1-4503-0112-1},
 location = {Los Angeles, California},
 pages = {34:1--34:8},
 articleno = {34},
 numpages = {8},
 url = {http://doi.acm.org/10.1145/1399504.1360633},
 doi = {10.1145/1399504.1360633},
 acmid = {1360633},
 publisher = {ACM},
 address = {New York, NY, USA},
 keywords = {convolution, environment maps, soft shadows},
} 

