@inproceedings{kernel-nystrom,
 author = {Wang, Jiaping and Dong, Yue and Tong, Xin and Lin, Zhouchen and Guo, Baining},
 title = {Kernel Nystrom method for light transport},
 booktitle = {ACM SIGGRAPH 2009 papers},
 series = {SIGGRAPH '09},
 year = {2009},
 isbn = {978-1-60558-726-4},
 location = {New Orleans, Louisiana},
 pages = {29:1--29:10},
 articleno = {29},
 numpages = {10},
 url = {http://doi.acm.org/10.1145/1576246.1531335},
 doi = {http://doi.acm.org/10.1145/1576246.1531335},
 acmid = {1531335},
 publisher = {ACM},
 address = {New York, NY, USA},
}

@inproceedings{optical-computing,
 author = {O'Toole, Matthew and Kutulakos, Kiriakos N.},
 title = {Optical computing for fast light transport analysis},
 booktitle = {ACM SIGGRAPH Asia 2010 papers},
 series = {SIGGRAPH ASIA '10},
 year = {2010},
 isbn = {978-1-4503-0439-9},
 location = {Seoul, South Korea},
 pages = {164:1--164:12},
 articleno = {164},
 numpages = {12},
 url = {http://doi.acm.org/10.1145/1866158.1866165},
 doi = {http://doi.acm.org/10.1145/1866158.1866165},
 acmid = {1866165},
 publisher = {ACM},
 address = {New York, NY, USA},
} 

@inproceedings{shrm,
 author = {Ramamoorthi, Ravi and Hanrahan, Pat},
 title = {Frequency space environment map rendering},
 booktitle = {Proceedings of the 29th annual conference on Computer graphics and interactive techniques},
 series = {SIGGRAPH '02},
 year = {2002},
 isbn = {1-58113-521-1},
 location = {San Antonio, Texas},
 pages = {517--526},
 numpages = {10},
 url = {http://doi.acm.org/10.1145/566570.566611},
 doi = {http://doi.acm.org/10.1145/566570.566611},
 acmid = {566611},
 publisher = {ACM},
 address = {New York, NY, USA},
 keywords = {complexity analysis, environment maps, image-based rendering, signal-processing, spherical harmonics},
} 