@misc{doersch:2016,
Author = {Carl Doersch},
Title = {Tutorial on Variational Autoencoders},
Year = {2016},
Eprint = {arXiv:1606.05908},
}