@incollection{Goodfellow:2014,
title = {Generative Adversarial Nets},
author = {Goodfellow, Ian and Pouget-Abadie, Jean and Mirza, Mehdi and Xu, Bing and Warde-Farley, David and Ozair, Sherjil and Courville, Aaron and Bengio, Yoshua},
booktitle = {Advances in Neural Information Processing Systems 27},
editor = {Z. Ghahramani and M. Welling and C. Cortes and N. D. Lawrence and K. Q. Weinberger},
pages = {2672--2680},
year = {2014},
publisher = {Curran Associates, Inc.},
url = {http://papers.nips.cc/paper/5423-generative-adversarial-nets.pdf}
}

@article{Mizra:2014,
  author    = {Mehdi Mirza and
               Simon Osindero},
  title     = {Conditional Generative Adversarial Nets},
  journal   = {CoRR},
  volume    = {abs/1411.1784},
  year      = {2014},
  url       = {http://arxiv.org/abs/1411.1784},
  archivePrefix = {arXiv},
  eprint    = {1411.1784},
  timestamp = {Mon, 13 Aug 2018 16:48:15 +0200},
  biburl    = {https://dblp.org/rec/bib/journals/corr/MirzaO14},
  bibsource = {dblp computer science bibliography, https://dblp.org}
}

@article{Isola:2016,
  author    = {Phillip Isola and
               Jun{-}Yan Zhu and
               Tinghui Zhou and
               Alexei A. Efros},
  title     = {Image-to-Image Translation with Conditional Adversarial Networks},
  journal   = {CoRR},
  volume    = {abs/1611.07004},
  year      = {2016},
  url       = {http://arxiv.org/abs/1611.07004},
  archivePrefix = {arXiv},
  eprint    = {1611.07004},
  timestamp = {Mon, 13 Aug 2018 16:49:05 +0200},
  biburl    = {https://dblp.org/rec/bib/journals/corr/IsolaZZE16},
  bibsource = {dblp computer science bibliography, https://dblp.org}
}

@inproceedings{Zhu:2017,
  title={Unpaired Image-to-Image Translation using Cycle-Consistent Adversarial Networks},
  author={Zhu, Jun-Yan and Park, Taesung and Isola, Phillip and Efros, Alexei A},
  booktitle={Computer Vision (ICCV), 2017 IEEE International Conference on},
  year={2017}
}

@article{Choi:2017,
  author    = {Yunjey Choi and
               Min{-}Je Choi and
               Munyoung Kim and
               Jung{-}Woo Ha and
               Sunghun Kim and
               Jaegul Choo},
  title     = {StarGAN: Unified Generative Adversarial Networks for Multi-Domain
               Image-to-Image Translation},
  journal   = {CoRR},
  volume    = {abs/1711.09020},
  year      = {2017},
  url       = {http://arxiv.org/abs/1711.09020},
  archivePrefix = {arXiv},
  eprint    = {1711.09020},
  timestamp = {Mon, 13 Aug 2018 16:49:17 +0200},
  biburl    = {https://dblp.org/rec/bib/journals/corr/abs-1711-09020},
  bibsource = {dblp computer science bibliography, https://dblp.org}
}

 @InProceedings{Pumarola:2018,
author = {Pumarola, Albert and Agudo, Antonio and Martinez, Aleix M. and Sanfeliu, Alberto and Moreno-Noguer, Francesc},
title = {GANimation: Anatomically-aware Facial Animation from a Single Image},
booktitle = {The European Conference on Computer Vision (ECCV)},
month = {September},
year = {2018}
}

@article{Mao:2017,
  title={Least Squares Generative Adversarial Networks},
  author={Xudong Mao and Qing Li and Haoran Xie and Raymond Y. K. Lau and Zhen Wang and Stephen Paul Smolley},
  journal={2017 IEEE International Conference on Computer Vision (ICCV)},
  year={2017},
  pages={2813-2821}
}

@article{Gulrajani:2017,
  author    = {Ishaan Gulrajani and
               Faruk Ahmed and
               Mart{\'{\i}}n Arjovsky and
               Vincent Dumoulin and
               Aaron C. Courville},
  title     = {Improved Training of Wasserstein GANs},
  journal   = {CoRR},
  volume    = {abs/1704.00028},
  year      = {2017}
}

@article{Heusel:2017,
  author    = {Martin Heusel and
               Hubert Ramsauer and
               Thomas Unterthiner and
               Bernhard Nessler and
               G{\"{u}}nter Klambauer and
               Sepp Hochreiter},
  title     = {GANs Trained by a Two Time-Scale Update Rule Converge to a Nash Equilibrium},
  journal   = {CoRR},
  volume    = {abs/1706.08500},
  year      = {2017},
  url       = {http://arxiv.org/abs/1706.08500},
  archivePrefix = {arXiv},
  eprint    = {1706.08500},
  timestamp = {Mon, 13 Aug 2018 16:48:19 +0200},
  biburl    = {https://dblp.org/rec/bib/journals/corr/HeuselRUNKH17},
  bibsource = {dblp computer science bibliography, https://dblp.org}
}

@article{Ronneberger:2015,
  author    = {Olaf Ronneberger and
               Philipp Fischer and
               Thomas Brox},
  title     = {U-Net: Convolutional Networks for Biomedical Image Segmentation},
  journal   = {CoRR},
  volume    = {abs/1505.04597},
  year      = {2015},
  url       = {http://arxiv.org/abs/1505.04597},
  archivePrefix = {arXiv},
  eprint    = {1505.04597},
  timestamp = {Mon, 13 Aug 2018 16:46:52 +0200},
  biburl    = {https://dblp.org/rec/bib/journals/corr/RonnebergerFB15},
  bibsource = {dblp computer science bibliography, https://dblp.org}
}