@article{Johnson:2016,
  author    = {Justin Johnson and
               Alexandre Alahi and
               Fei{-}Fei Li},
  title     = {Perceptual Losses for Real-Time Style Transfer and Super-Resolution},
  journal   = {CoRR},
  volume    = {abs/1603.08155},
  year      = {2016}
}

@article{Gatys:2015,
  author    = {Leon A. Gatys and
               Alexander S. Ecker and
               Matthias Bethge},
  title     = {A Neural Algorithm of Artistic Style},
  journal   = {CoRR},
  volume    = {abs/1508.06576},
  year      = {2015}
}

@inproceedings{Radford:2016,
  author    = {Alec Radford and
               Luke Metz and
               Soumith Chintala},
  title     = {Unsupervised Representation Learning with Deep Convolutional Generative
               Adversarial Networks},
  booktitle = {{ICLR}},
  year      = {2016}
}

@article{He:2015,
  author    = {Kaiming He and
               Xiangyu Zhang and
               Shaoqing Ren and
               Jian Sun},
  title     = {Deep Residual Learning for Image Recognition},
  journal   = {CoRR},
  volume    = {abs/1512.03385},
  year      = {2015}
}