@article{Zinke:2008,
 author = {Zinke, Arno and Yuksel, Cem and Weber, Andreas and Keyser, John},
 title = {Dual Scattering Approximation for Fast Multiple Scattering in Hair},
 journal = {ACM Trans. Graph.},
 issue_date = {August 2008},
 volume = {27},
 number = {3},
 month = aug,
 year = {2008},
 issn = {0730-0301},
 pages = {32:1--32:10},
 articleno = {32},
 numpages = {10},
 url = {http://doi.acm.org/10.1145/1360612.1360631},
 doi = {10.1145/1360612.1360631},
 acmid = {1360631},
 publisher = {ACM},
 address = {New York, NY, USA},
 keywords = {GPU algorithms, hair rendering, multiple scattering},
} 

@article {Yuksel:2008,
author = {Yuksel, Cem and Keyser, John},
title = {Deep Opacity Maps},
journal = {Computer Graphics Forum},
volume = {27},
number = {2},
publisher = {Blackwell Publishing Ltd},
issn = {1467-8659},
url = {http://dx.doi.org/10.1111/j.1467-8659.2008.01165.x},
doi = {10.1111/j.1467-8659.2008.01165.x},
pages = {675--680},
keywords = {I.3.7 [Computer Graphics], Color, shading, shadowing, and texture},
keywords = {shadow maps, semi-transparent shadows, hair shadows, real-time shadows, GPU algorithms},
year = {2008},
}

@article{Marschner:2003,
 author = {Marschner, Stephen R. and Jensen, Henrik Wann and Cammarano, Mike and Worley, Steve and Hanrahan, Pat},
 title = {Light Scattering from Human Hair Fibers},
 journal = {ACM Trans. Graph.},
 issue_date = {July 2003},
 volume = {22},
 number = {3},
 month = jul,
 year = {2003},
 issn = {0730-0301},
 pages = {780--791},
 numpages = {12},
 url = {http://doi.acm.org/10.1145/882262.882345},
 doi = {10.1145/882262.882345},
 acmid = {882345},
 publisher = {ACM},
 address = {New York, NY, USA},
 keywords = {fibers, hair, optical scattering, rendering},
} 

@UNPUBLISHED{Khungurn:2015,
	author = {Pramook Khungurn and Daniel Schroeder and Shuang Zhao and Kavita Bala and Steve Marschner},
	title = {Matching Real Fabrics with Micro-Appearance Models},
	note = {To appear in ACM Transactions on Graphics.},
	year = 2015
}

@techreport{Sadeghi:2010,
	author = {Sadeghi, Iman and Tamstorf, Rasmus},
	title = {Efficient Implementation of the Dual Scattering Model in RenderMan},
	institution = {Walt Disney Animation Studios},
	year = {2010},
}