@inproceedings{Park:2017,
  author    = {Eunbyung Park and
               Jimei Yang and
               Ersin Yumer and
               Duygu Ceylan and
               Alexander C. Berg},
  title     = {Transformation-Grounded Image Generation Network for Novel 3D View
               Synthesis},
  booktitle = {2017 {IEEE} Conference on Computer Vision and Pattern Recognition,
               {CVPR} 2017, Honolulu, HI, USA, July 21-26, 2017},
  pages     = {702--711},
  year      = {2017},
  crossref  = {DBLP:conf/cvpr/2017},
  url       = {https://doi.org/10.1109/CVPR.2017.82},
  doi       = {10.1109/CVPR.2017.82},
  timestamp = {Tue, 14 Nov 2017 17:15:06 +0100},
  biburl    = {https://dblp.org/rec/bib/conf/cvpr/ParkYYCB17},
  bibsource = {dblp computer science bibliography, https://dblp.org}
}

@incollection{Jaderberg:2015,
title = {Spatial Transformer Networks},
author = {Jaderberg, Max and Simonyan, Karen and Zisserman, Andrew and kavukcuoglu, koray},
booktitle = {Advances in Neural Information Processing Systems 28},
editor = {C. Cortes and N. D. Lawrence and D. D. Lee and M. Sugiyama and R. Garnett},
pages = {2017--2025},
year = {2015},
publisher = {Curran Associates, Inc.},
url = {http://papers.nips.cc/paper/5854-spatial-transformer-networks.pdf}
}

@inproceedings{Zhou:2016,
  title={View Synthesis by Appearance Flow},
  author={Zhou, Tinghui and Tulsiani, Shubham and Sun, Weilun and Malik, Jitendra and Efros, Alexei A},
  booktitle={European Conference on Computer Vision},
  year={2016}
}

@InProceedings{Tatarchenko:2016,
  author       = "M. Tatarchenko and A. Dosovitskiy and T. Brox",
  title        = "Multi-view 3D Models from Single Images with a Convolutional Network",
  booktitle    = "European Conference on Computer Vision (ECCV)",
  year         = "2016",
  url          = "http://lmb.informatik.uni-freiburg.de//Publications/2016/TDB16a"
}

@article{Ronneberger:2015,
  author    = {Olaf Ronneberger and
               Philipp Fischer and
               Thomas Brox},
  title     = {U-Net: Convolutional Networks for Biomedical Image Segmentation},
  journal   = {CoRR},
  volume    = {abs/1505.04597},
  year      = {2015},
  url       = {http://arxiv.org/abs/1505.04597},
  archivePrefix = {arXiv},
  eprint    = {1505.04597},
  timestamp = {Mon, 13 Aug 2018 16:46:52 +0200},
  biburl    = {https://dblp.org/rec/bib/journals/corr/RonnebergerFB15},
  bibsource = {dblp computer science bibliography, https://dblp.org}
}

@article{Salisman:2016,
  author    = {Tim Salimans and
               Ian J. Goodfellow and
               Wojciech Zaremba and
               Vicki Cheung and
               Alec Radford and
               Xi Chen},
  title     = {Improved Techniques for Training GANs},
  journal   = {CoRR},
  volume    = {abs/1606.03498},
  year      = {2016},
  url       = {http://arxiv.org/abs/1606.03498},
  archivePrefix = {arXiv},
  eprint    = {1606.03498},
  timestamp = {Sun, 16 Sep 2018 14:17:04 +0200},
  biburl    = {https://dblp.org/rec/bib/journals/corr/SalimansGZCRC16},
  bibsource = {dblp computer science bibliography, https://dblp.org}
}
