@article{zirr:2018,
  author    = {Tobias Zirr and
               Johannes Hanika and
               Carsten Dachsbacher},
  title     = {Re-Weighting Firefly Samples for Improved Finite-Sample Monte Carlo
               Estimates},
  journal   = {Comput. Graph. Forum},
  volume    = {37},
  number    = {6},
  pages     = {410--421},
  year      = {2018}
}

@article{Arratia:1989,
title = {Tutorial on large deviations for the binomial distribution},
author = {Arratia, R. and Gordon, L.},
year = {1989},
pages = {125-131},
howpublished = "\url{https://eurekamag.com/research/007/972/007972522.php}"
} 