@misc{vikas,
  author = "Vikas C. Raykar",
  title = "The fast Gauss transform with all the proofs",
  howpublished = {\url{http://www.umiacs.umd.edu/~vikas/publications/FGT.pdf}},
  note = {Accessed: 08/16/2012}
}

@INPROCEEDINGS{yang,
    author = {Changjiang Yang and Ramani Duraiswami and Nail A. Gumerov and Larry Davis},
    title = {Improved fast Gauss transform and efficient kernel density estimation},
    booktitle = {In ICCV},
    year = {2003},
    pages = {464--471}
}