@book{Bartle:1995,
  address = {New York},
  author = {Bartle, Robert G.},
  keywords = {integration lebesgue},
  publisher = {John Wiley \& Sons},
  title = {The Elements of Integration and Lebesgue Measure},
  year = 1995
}

@misc{Hunter:2011,
    author = {Hunter, John K.},
    title = {Measure Theory},
    howpublished = {\url{https://www.math.ucdavis.edu/~hunter/measure_theory/measure_notes.pdf}},
    note = {Accessed: 2021-12-28},
    year = 2011
}

@Book{Billingsley:1995,
  Title                    = {Probability and Measure},
  Author                   = {Patrick Billingsley},
  Publisher                = {John Wiley and Sons},
  Year                     = {1995},
  Edition                  = {Third}
}