@misc{Karras:2022,
  doi = {10.48550/ARXIV.2206.00364},
  
  url = {https://arxiv.org/abs/2206.00364},
  
  author = {Karras, Tero and Aittala, Miika and Aila, Timo and Laine, Samuli},
  
  keywords = {Computer Vision and Pattern Recognition (cs.CV), Artificial Intelligence (cs.AI), Machine Learning (cs.LG), Neural and Evolutionary Computing (cs.NE), Machine Learning (stat.ML), FOS: Computer and information sciences, FOS: Computer and information sciences},
  
  title = {Elucidating the Design Space of Diffusion-Based Generative Models},
  
  publisher = {arXiv},
  
  year = {2022},
  
  copyright = {arXiv.org perpetual, non-exclusive license}
}

@inproceedings{
  Song:2021,
  title={Score-Based Generative Modeling through Stochastic Differential Equations},
  author={Yang Song and Jascha Sohl-Dickstein and Diederik P Kingma and Abhishek Kumar and Stefano Ermon and Ben Poole},
  booktitle={International Conference on Learning Representations},
  year={2021},
  url={https://openreview.net/forum?id=PxTIG12RRHS}
}

@misc{Nichol:2021,
  doi = {10.48550/ARXIV.2102.09672},
  
  url = {https://arxiv.org/abs/2102.09672},
  
  author = {Nichol, Alex and Dhariwal, Prafulla},
  
  keywords = {Machine Learning (cs.LG), Artificial Intelligence (cs.AI), Machine Learning (stat.ML), FOS: Computer and information sciences, FOS: Computer and information sciences},
  
  title = {Improved Denoising Diffusion Probabilistic Models},
  
  publisher = {arXiv},
  
  year = {2021},
  
  copyright = {arXiv.org perpetual, non-exclusive license}
}

@misc{Song:DDIM:2020,
  doi = {10.48550/ARXIV.2010.02502},
  
  url = {https://arxiv.org/abs/2010.02502},
  
  author = {Song, Jiaming and Meng, Chenlin and Ermon, Stefano},
  
  keywords = {Machine Learning (cs.LG), Computer Vision and Pattern Recognition (cs.CV), FOS: Computer and information sciences, FOS: Computer and information sciences},
  
  title = {Denoising Diffusion Implicit Models},
  
  publisher = {arXiv},
  
  year = {2020},
  
  copyright = {arXiv.org perpetual, non-exclusive license}
}

@misc{Jolicoeur-Martineau:2021,
  doi = {10.48550/ARXIV.2105.14080},
  
  url = {https://arxiv.org/abs/2105.14080},
  
  author = {Jolicoeur-Martineau, Alexia and Li, Ke and Piché-Taillefer, Rémi and Kachman, Tal and Mitliagkas, Ioannis},
  
  keywords = {Machine Learning (cs.LG), Computer Vision and Pattern Recognition (cs.CV), Optimization and Control (math.OC), Machine Learning (stat.ML), FOS: Computer and information sciences, FOS: Computer and information sciences, FOS: Mathematics, FOS: Mathematics},
  
  title = {Gotta Go Fast When Generating Data with Score-Based Models},
  
  publisher = {arXiv},
  
  year = {2021},
  
  copyright = {arXiv.org perpetual, non-exclusive license}
}

@misc{Sarkka:2012,
  author = {Simo S\"{a}rkk\"{a}},  
  title = {Applied Stochastic Differential Equations},
  howpublished = {\url{https://users.aalto.fi/~ssarkka/course_s2012/pdf/sde_course_booklet_2012.pdf}},
  note = {Accessed: 2022-01-21},
  year = 2012
}

@Book{Sarkka:2019,
  author = {Simo S\"{a}rkk\"{a} and Arno Solin},  
  title = {Applied Stochastic Differential Equations},
  publisher = "Cambridge University Press",
  year      = "2019"
}

@misc{KhungurnScoreBased,
    author = {Pramook Khungurn},
    title = {Score-Based Generative Models},
    howpublished = {\url{https://pkhungurn.github.io/notes/notes/ml/score-based-generative-models/score-based-generative-models.pdf}},
    year = 2022,
    note = {Accessed: 2023-01-15},
}

@article{Anderson:1982,
title = {Reverse-time diffusion equation models},
journal = {Stochastic Processes and their Applications},
volume = {12},
number = {3},
pages = {313-326},
year = {1982},
issn = {0304-4149},
doi = {https://doi.org/10.1016/0304-4149(82)90051-5},
url = {https://www.sciencedirect.com/science/article/pii/0304414982900515},
author = {Brian D.O. Anderson},
abstract = {Reverse-time stochastic diffusion equation models are defined and it is shown how most processes defined via a forward-time or conventional diffusion equation model have an associated reverse-time model.}
}

@inproceedings{Dhariwal:2021,
 author = {Dhariwal, Prafulla and Nichol, Alexander},
 booktitle = {Advances in Neural Information Processing Systems},
 editor = {M. Ranzato and A. Beygelzimer and Y. Dauphin and P.S. Liang and J. Wortman Vaughan},
 pages = {8780--8794},
 publisher = {Curran Associates, Inc.},
 title = {Diffusion Models Beat GANs on Image Synthesis},
 url = {https://proceedings.neurips.cc/paper/2021/file/49ad23d1ec9fa4bd8d77d02681df5cfa-Paper.pdf},
 volume = {34},
 year = {2021}
}

@article{Salimans:2022,
  author    = {Tim Salimans and
               Jonathan Ho},
  title     = {Progressive Distillation for Fast Sampling of Diffusion Models},
  journal   = {CoRR},
  volume    = {abs/2202.00512},
  year      = {2022},
  url       = {https://arxiv.org/abs/2202.00512},
  eprinttype = {arXiv},
  eprint    = {2202.00512},
  timestamp = {Wed, 09 Feb 2022 15:43:34 +0100},
  biburl    = {https://dblp.org/rec/journals/corr/abs-2202-00512.bib},
  bibsource = {dblp computer science bibliography, https://dblp.org}
}

@misc{Kingma:2021,
  doi = {10.48550/ARXIV.2107.00630},
  
  url = {https://arxiv.org/abs/2107.00630},
  
  author = {Kingma, Diederik P. and Salimans, Tim and Poole, Ben and Ho, Jonathan},
  
  keywords = {Machine Learning (cs.LG), Machine Learning (stat.ML), FOS: Computer and information sciences, FOS: Computer and information sciences},
  
  title = {Variational Diffusion Models},
  
  publisher = {arXiv},
  
  year = {2021},
  
  copyright = {Creative Commons Attribution 4.0 International}
}

@article{Ho:2020,
  author    = {Jonathan Ho and
               Ajay Jain and
               Pieter Abbeel},
  title     = {Denoising Diffusion Probabilistic Models},
  journal   = {CoRR},
  volume    = {abs/2006.11239},
  year      = {2020},
  url       = {https://arxiv.org/abs/2006.11239},
  eprinttype = {arXiv},
  eprint    = {2006.11239},
  timestamp = {Tue, 23 Jun 2020 17:57:22 +0200},
  biburl    = {https://dblp.org/rec/journals/corr/abs-2006-11239.bib},
  bibsource = {dblp computer science bibliography, https://dblp.org}
}
