@misc{Lipman:2023,
      title={Flow Matching for Generative Modeling}, 
      author={Yaron Lipman and Ricky T. Q. Chen and Heli Ben-Hamu and Maximilian Nickel and Matt Le},
      year={2023},
      eprint={2210.02747},
      archivePrefix={arXiv},
      primaryClass={cs.LG},
      url={https://arxiv.org/abs/2210.02747}, 
}

@misc{Chen:2019,
      title={Neural Ordinary Differential Equations}, 
      author={Ricky T. Q. Chen and Yulia Rubanova and Jesse Bettencourt and David Duvenaud},
      year={2019},
      eprint={1806.07366},
      archivePrefix={arXiv},
      primaryClass={cs.LG},
      url={https://arxiv.org/abs/1806.07366}, 
}

@misc{Khungurn:neuralODE,
  author={Pramook Khungurn},
  title = {Neural Ordinary Differential Equations},
  howpublished = {\url{https://pkhungurn.github.io/notes/notes/ml/neural-ode/neural-ode.pdf}},
  note = {Accessed: 2024-07-19}
}

@misc{Khungurn:ProbXform,
  author={Pramook Khungurn},
  title={Probability Under Transformation},
  howpublished = {\url{https://pkhungurn.github.io/notes/notes/gfx/pdf-transform/pdf-transform.pdf}},
  note = {Accessed: 2024-07-22},
}

@misc{Khungurn:Notation,
  author = {Pramook Khungurn},
  title = {Notation for Multivariable Derivatives},
  howpublished = {\url{https://pkhungurn.github.io/notes/notes/math/multivar-deriv-notations/multivar-deriv-notations.pdf}},
  note = {Accessed: 2024-07-22},
}