@misc{Ho:2022,
  doi = {10.48550/ARXIV.2207.12598},
  
  url = {https://arxiv.org/abs/2207.12598},
  
  author = {Ho, Jonathan and Salimans, Tim},
  
  keywords = {Machine Learning (cs.LG), Artificial Intelligence (cs.AI), FOS: Computer and information sciences, FOS: Computer and information sciences},
  
  title = {Classifier-Free Diffusion Guidance},
  
  publisher = {arXiv},
  
  year = {2022},
  
  copyright = {arXiv.org perpetual, non-exclusive license}
}

@article{SohlDickstein:2015,
  author    = {Jascha Sohl{-}Dickstein and
               Eric A. Weiss and
               Niru Maheswaranathan and
               Surya Ganguli},
  title     = {Deep Unsupervised Learning using Nonequilibrium Thermodynamics},
  journal   = {CoRR},
  volume    = {abs/1503.03585},
  year      = {2015},
  url       = {http://arxiv.org/abs/1503.03585},
  eprinttype = {arXiv},
  eprint    = {1503.03585},
  timestamp = {Mon, 13 Aug 2018 16:47:30 +0200},
  biburl    = {https://dblp.org/rec/journals/corr/Sohl-DicksteinW15.bib},
  bibsource = {dblp computer science bibliography, https://dblp.org}
}

@misc{Dhariwal:2021,
  doi = {10.48550/ARXIV.2105.05233},
  
  url = {https://arxiv.org/abs/2105.05233},
  
  author = {Dhariwal, Prafulla and Nichol, Alex},
  
  keywords = {Machine Learning (cs.LG), Artificial Intelligence (cs.AI), Computer Vision and Pattern Recognition (cs.CV), Machine Learning (stat.ML), FOS: Computer and information sciences, FOS: Computer and information sciences},
  
  title = {Diffusion Models Beat GANs on Image Synthesis},
  
  publisher = {arXiv},
  
  year = {2021},
  
  copyright = {arXiv.org perpetual, non-exclusive license}
}

@misc{Khungurn:2022a,
    author = {Pramook Khungurn},
    title = {Nichol and Dhariwal on DDPM (2021)},
    howpublished = {\url{https://pkhungurn.github.io/notes/notes/ml/ddpm-nichol-dhariwal-2021/ddpm-nichol-dhariwal-2021.pdf}},
    note = {Accessed: 2022-11-08},
    year = 2022
}

@misc{Khungurn:2022b,
    author = {Pramook Khungurn},
    title = {Denoising Diffusion Probabilistic Models},
    howpublished = {\url{https://pkhungurn.github.io/notes/notes/ml/ddpm/ddpm.pdf}},
    note = {Accessed: 2022-11-11},
    year = 2022
}

@misc{Toussaint:2011,
    author = {Marc Toussaint},
    title = {Lecture Notes: Gaussian identities},
    howpublished = {\url{https://www.user.tu-berlin.de/mtoussai/notes/gaussians.pdf}},
    note = {Accessed: 2022-11-08},
    year = 2011
}

@inproceedings{Ho:2020,
 author = {Ho, Jonathan and Jain, Ajay and Abbeel, Pieter},
 booktitle = {Advances in Neural Information Processing Systems},
 editor = {H. Larochelle and M. Ranzato and R. Hadsell and M.F. Balcan and H. Lin},
 pages = {6840--6851},
 publisher = {Curran Associates, Inc.},
 title = {Denoising Diffusion Probabilistic Models},
 url = {https://proceedings.neurips.cc/paper/2020/file/4c5bcfec8584af0d967f1ab10179ca4b-Paper.pdf},
 volume = {33},
 year = {2020}
}

@misc{Kingma:2021,
  doi = {10.48550/ARXIV.2107.00630},
  
  url = {https://arxiv.org/abs/2107.00630},
  
  author = {Kingma, Diederik P. and Salimans, Tim and Poole, Ben and Ho, Jonathan},
  
  keywords = {Machine Learning (cs.LG), Machine Learning (stat.ML), FOS: Computer and information sciences, FOS: Computer and information sciences},
  
  title = {Variational Diffusion Models},
  
  publisher = {arXiv},
  
  year = {2021},
  
  copyright = {Creative Commons Attribution 4.0 International}
}

@misc{Song:2020:SDE,
  doi = {10.48550/ARXIV.2011.13456},
  
  url = {https://arxiv.org/abs/2011.13456},
  
  author = {Song, Yang and Sohl-Dickstein, Jascha and Kingma, Diederik P. and Kumar, Abhishek and Ermon, Stefano and Poole, Ben},
  
  keywords = {Machine Learning (cs.LG), Machine Learning (stat.ML), FOS: Computer and information sciences, FOS: Computer and information sciences},
  
  title = {Score-Based Generative Modeling through Stochastic Differential Equations},
  
  publisher = {arXiv},
  
  year = {2020},
  
  copyright = {arXiv.org perpetual, non-exclusive license}
}

@article{Tancik:2020,
  author    = {Matthew Tancik and
               Pratul P. Srinivasan and
               Ben Mildenhall and
               Sara Fridovich{-}Keil and
               Nithin Raghavan and
               Utkarsh Singhal and
               Ravi Ramamoorthi and
               Jonathan T. Barron and
               Ren Ng},
  title     = {Fourier Features Let Networks Learn High Frequency Functions in Low
               Dimensional Domains},
  journal   = {CoRR},
  volume    = {abs/2006.10739},
  year      = {2020},
  url       = {https://arxiv.org/abs/2006.10739},
  eprinttype = {arXiv},
  eprint    = {2006.10739},
  timestamp = {Thu, 14 Oct 2021 09:16:16 +0200},
  biburl    = {https://dblp.org/rec/journals/corr/abs-2006-10739.bib},
  bibsource = {dblp computer science bibliography, https://dblp.org}
}

@misc{Loshchilov:2017,
  doi = {10.48550/ARXIV.1711.05101},
  
  url = {https://arxiv.org/abs/1711.05101},
  
  author = {Loshchilov, Ilya and Hutter, Frank},
  
  keywords = {Machine Learning (cs.LG), Neural and Evolutionary Computing (cs.NE), Optimization and Control (math.OC), FOS: Computer and information sciences, FOS: Computer and information sciences, FOS: Mathematics, FOS: Mathematics},
  
  title = {Decoupled Weight Decay Regularization},
  
  publisher = {arXiv},
  
  year = {2017},
  
  copyright = {arXiv.org perpetual, non-exclusive license}
}

@misc{Nichol:2021,
  doi = {10.48550/ARXIV.2102.09672},
  
  url = {https://arxiv.org/abs/2102.09672},
  
  author = {Nichol, Alex and Dhariwal, Prafulla},
  
  keywords = {Machine Learning (cs.LG), Artificial Intelligence (cs.AI), Machine Learning (stat.ML), FOS: Computer and information sciences, FOS: Computer and information sciences},
  
  title = {Improved Denoising Diffusion Probabilistic Models},
  
  publisher = {arXiv},
  
  year = {2021},
  
  copyright = {arXiv.org perpetual, non-exclusive license}
}
