@article{Yan:2014,
 author = {Yan, Ling-Qi and Ha\v{s}an, Milo\v{s} and Jakob, Wenzel and Lawrence, Jason and Marschner, Steve and Ramamoorthi, Ravi},
 title = {Rendering Glints on High-resolution Normal-mapped Specular Surfaces},
 journal = {ACM Trans. Graph.},
 issue_date = {July 2014},
 volume = {33},
 number = {4},
 month = jul,
 year = {2014},
 issn = {0730-0301},
 pages = {116:1--116:9},
 articleno = {116},
 numpages = {9},
 url = {http://doi.acm.org/10.1145/2601097.2601155},
 doi = {10.1145/2601097.2601155},
 acmid = {2601155},
 publisher = {ACM},
 address = {New York, NY, USA},
 keywords = {glints, high-resolution normal maps, normal distribution functions, specular highlights},
} 