@misc{Rowe:2025,
  author = {Glenn Rowe},
  title = {Exponentiation of a Quaternion},
  howpublished = {\url{https://physicspages.com/pdf/Group%20theory/Exponential%20of%20a%20quaternion.pdf}},
  note = {Accessed: 2025-07-14},
}
