@INPROCEEDINGS{fmm,
    author = {Rick Beatson and Leslie Greengard},
    title = {A short course on fast multipole methods},
    booktitle = {Wavelets, Multilevel Methods and Elliptic PDEs},
    year = {1997},
    pages = {1--37},
    publisher = {Oxford University Press},
    note = "Also available at \url{http://math.nyu.edu/faculty/greengar/shortcourse_fmm.pdf}"
}