@misc{Rosenfeld:2018,
  author = {Roni Rosenfeld},
  title = {A Gentle Tutorial on Information Theory and Learning},  
  howpublished = {\url{http://www.cs.cmu.edu/~roni/10601-slides/info-theory.pdf}}
}

@misc{Galvin:2014,
	author = {David Galvin},
	title = {Three tutorial lectures on entropy and counting},  
	howpublished = {\url{https://arxiv.org/abs/1406.7872}}	
}

@BOOK{Cover:1991,
  TITLE = {Elements of Information Theory},  
  AUTHOR = {Thomas M. Cover and Joy A. Thomas},
  YEAR = {1991},
  PUBLISHER = {Wiley--Interscience},
}

@BOOK{Abramson:1963,
  TITLE = {Information Theory and Coding},  
  AUTHOR = {Norman Abramson},
  YEAR = {1963},
  PUBLISHER = {McGraw--Hill},
}
