@inproceedings{Domingos:2000,
 author = {Domingos, Pedro},
 title = {A Unifeid Bias-Variance Decomposition and Its Applications},
 booktitle = {Proceedings of the Seventeenth International Conference on Machine Learning},
 series = {ICML '00},
 year = {2000},
 isbn = {1-55860-707-2},
 pages = {231--238},
 numpages = {8},
 url = {http://dl.acm.org/citation.cfm?id=645529.657784},
 acmid = {657784},
 publisher = {Morgan Kaufmann Publishers Inc.},
 address = {San Francisco, CA, USA},
} 

@Article{James:2003,
author="James, Gareth M.",
title="Variance and Bias for General Loss Functions",
journal="Machine Learning",
year="2003",
month="May",
day="01",
volume="51",
number="2",
pages="115--135",
issn="1573-0565",
doi="10.1023/A:1022899518027",
url="https://doi.org/10.1023/A:1022899518027"
}

@Article{Breiman:1996,
author="Breiman, Leo",
title="Bagging Predictors",
journal="Machine Learning",
year="1996",
month="Aug",
day="01",
volume="24",
number="2",
pages="123--140",
issn="1573-0565",
doi="10.1023/A:1018054314350",
url="https://doi.org/10.1023/A:1018054314350"
}

@inproceedings{Schapire:1997,
 author = {Schapire, Robert E. and Freund, Yoav and Barlett, Peter and Lee, Wee Sun},
 title = {Boosting the Margin: A New Explanation for the Effectiveness of Voting Methods},
 booktitle = {Proceedings of the Fourteenth International Conference on Machine Learning},
 series = {ICML '97},
 year = {1997},
 isbn = {1-55860-486-3},
 pages = {322--330},
 numpages = {9},
 url = {http://dl.acm.org/citation.cfm?id=645526.657129},
 acmid = {657129},
 publisher = {Morgan Kaufmann Publishers Inc.},
 address = {San Francisco, CA, USA},
} 