@article{Ghosh:2008,
 author = {Ghosh, Abhijeet and Hawkins, Tim and Peers, Pieter and Frederiksen, Sune and Debevec, Paul},
 title = {Practical Modeling and Acquisition of Layered Facial Reflectance},
 journal = {ACM Trans. Graph.},
 issue_date = {December 2008},
 volume = {27},
 number = {5},
 month = dec,
 year = {2008},
 issn = {0730-0301},
 pages = {139:1--139:10},
 articleno = {139},
 numpages = {10},
 url = {http://doi.acm.org/10.1145/1409060.1409092},
 doi = {10.1145/1409060.1409092},
 acmid = {1409092},
 publisher = {ACM},
 address = {New York, NY, USA},
} 

@article{Ghosh:2010,
 author = {Ghosh, Abhijeet and Chen, Tongbo and Peers, Pieter and Wilson, Cyrus A. and Debevec, Paul},
 title = {Circularly Polarized Spherical Illumination Reflectometry},
 journal = {ACM Trans. Graph.},
 issue_date = {December 2010},
 volume = {29},
 number = {6},
 month = dec,
 year = {2010},
 issn = {0730-0301},
 pages = {162:1--162:12},
 articleno = {162},
 numpages = {12},
 url = {http://doi.acm.org/10.1145/1882261.1866163},
 doi = {10.1145/1882261.1866163},
 acmid = {1866163},
 publisher = {ACM},
 address = {New York, NY, USA},
 keywords = {circular polarization, index of refraction, stokes parameters, surface reflectometry},
}

@inproceedings{Ma:2007,
 author = {Ma, Wan-Chun and Hawkins, Tim and Peers, Pieter and Chabert, Charles-Felix and Weiss, Malte and Debevec, Paul},
 title = {Rapid Acquisition of Specular and Diffuse Normal Maps from Polarized Spherical Gradient Illumination},
 booktitle = {Proceedings of the 18th Eurographics Conference on Rendering Techniques},
 series = {EGSR'07},
 year = {2007},
 isbn = {978-3-905673-52-4},
 location = {Grenoble, France},
 pages = {183--194},
 numpages = {12},
 url = {http://dx.doi.org/10.2312/EGWR/EGSR07/183-194},
 doi = {10.2312/EGWR/EGSR07/183-194},
 acmid = {2383873},
 publisher = {Eurographics Association},
 address = {Aire-la-Ville, Switzerland, Switzerland},
} 

@misc{Ashikhmin:2006,
  author = {Michael Ashikhmin and Simon Premoze},
  title = {Distribution-based {BRDFs}},
  howpublished = {\url{http://www.cs.utah.edu/~premoze/dbrdf/dBRDF.pdf}},
  year = 2006,
  note = {Accessed: 2016-06-14}
}

@inproceedings{Hanrahan:1993,
 author = {Hanrahan, Pat and Krueger, Wolfgang},
 title = {Reflection from Layered Surfaces Due to Subsurface Scattering},
 booktitle = {Proceedings of the 20th Annual Conference on Computer Graphics and Interactive Techniques},
 series = {SIGGRAPH '93},
 year = {1993},
 isbn = {0-89791-601-8},
 location = {Anaheim, CA},
 pages = {165--174},
 numpages = {10},
 url = {http://doi.acm.org/10.1145/166117.166139},
 doi = {10.1145/166117.166139},
 acmid = {166139},
 publisher = {ACM},
 address = {New York, NY, USA},
 keywords = {Monte Carlo, integral equations, reflection models},
} 

@article{Nayar:2006,
 author = {Nayar, Shree K. and Krishnan, Gurunandan and Grossberg, Michael D. and Raskar, Ramesh},
 title = {Fast Separation of Direct and Global Components of a Scene Using High Frequency Illumination},
 journal = {ACM Trans. Graph.},
 issue_date = {July 2006},
 volume = {25},
 number = {3},
 month = jul,
 year = {2006},
 issn = {0730-0301},
 pages = {935--944},
 numpages = {10},
 url = {http://doi.acm.org/10.1145/1141911.1141977},
 doi = {10.1145/1141911.1141977},
 acmid = {1141977},
 publisher = {ACM},
 address = {New York, NY, USA},
 keywords = {coded illumination, direct illumination, global illumination, image decomposition, image manipulation, interreflections, subsurface scattering, translucency, volumetric scattering},
} 

@inproceedings{Tariq:2006,
	address = {Aachen, Germany},
	title = {Efficient {Estimation} of {Spatially} {Varying} {Subsurface} {Scattering} {Parameters}},
	url = {http://ict.usc.edu/pubs/Efficient%20Estimation%20of%20Spatially%20Varying%20Subsurface%20Scattering%20Parameters.pdf},
	booktitle = {11th {International} {Fall} {Workshop} on {Vision}, {Modeling} and {Visualization}},
	author = {Tariq, Sarah and Gardner, Andrew and Llamas, Ignacio and Jones, Andrew and Debevec, Paul and Turk, Greg},
	month = jun,
	year = {2006},
	keywords = {Graphics}
}

@inproceedings{Ghosh:2009,
 author = {Ghosh, Abhijeet and Chen, Tongbo and Peers, Pieter and Wilson, Cyrus A. and Debevec, Paul},
 title = {Estimating Specular Roughness and Anisotropy from Second Order Spherical Gradient Illumination},
 booktitle = {Proceedings of the Twentieth Eurographics Conference on Rendering},
 series = {EGSR'09},
 year = {2009},
 location = {Girona, Spain},
 pages = {1161--1170},
 numpages = {10},
 url = {http://dx.doi.org/10.1111/j.1467-8659.2009.01493.x},
 doi = {10.1111/j.1467-8659.2009.01493.x},
 acmid = {2383603},
 publisher = {Eurographics Association},
 address = {Aire-la-Ville, Switzerland, Switzerland},
} 