@book{Madsen:2004,
author = {Madsen, Kaj and Nielsen, Hans and Tingleff, O},
year = {2004},
month = {April},
title = {Methods for Non-Linear Least Square Problems}
}

@misc{Henri:2024,
      author = {Henri P. Gavin},
      title = {The {L}evenberg-{M}arquardt algorithm for nonlinear least squares curve-fitting problems},
      howpublished = {\url{https://people.duke.edu/~hpgavin/lm.pdf}},
      note = {Accessed: 2024-11-23}
}


@misc{Ranganathan:2004,
      author = {Ananth Ranganathan},
      title = {The {L}evenberg-{M}arquardt Algorithm},
      howpublished = {\url{https://www.phy.olemiss.edu/~jgladden/sci_comp/resources/Levenber-Marquardt_Tutorial1.pdf}},
      note = {Accessed: 2024-11-23}
}

@misc{Khungurn:2022,
      author = {Pramook Khungurn},
      title = {Notations for Multivariable Derivatives},
      howpublished = {\url{https://pkhungurn.github.io/notes/notes/math/multivar-deriv-notations/multivar-deriv-notations.pdf}},
      note = {Accessed: 2024-11-23},
      year = {2022},
}

@misc{Cao:2021,
      author = {Lihe Cao and Zhengyi Sui and Jiaqi Zhang and Yuqing Yan and Yuhui Gu},
      title = {Line search methods},
      howpublished = {\url{https://optimization.cbe.cornell.edu/index.php?title=Line_search_methods}},
      note = {Accessed: 2024-11-24},
      year = {2021}
}

@misc{Frandsen:2004,
      author = {Poul Erik Frandsen and Kristian Jonasson and Hans Bruun Nielsen and Ole Tingleff},
      title = {Unconstrained Optimization},
      howpublished = {\url{http://www2.imm.dtu.dk/pubdb/edoc/imm3217.pdf}},
      note = {Accessed: 2024-11-24},
      year = {2004},
}

@book{Norcedal:2006,
  added-at = {2009-08-21T12:21:08.000+0200},
  address = {New York, NY},
  author = {Nocedal, {Jorge} and Wright, {Stephen J.}},
  biburl = {https://www.bibsonomy.org/bibtex/28a42f1264dbca5b2e10460f70802807e/fbw_hannover},
  edition = {2. ed.},
  interhash = {22a7fec4243462045dfaabf3a92ff93f},
  intrahash = {8a42f1264dbca5b2e10460f70802807e},
  isbn = {978-0-387-30303-1},
  pagetotal = {XXII, 664},
  ppn_gvk = {502988711},
  publisher = {Springer},
  series = {Springer series in operations research and financial engineering},
  timestamp = {2009-08-21T12:21:09.000+0200},
  title = {Numerical optimization},
  url = {http://gso.gbv.de/DB=2.1/CMD?ACT=SRCHA&SRT=YOP&IKT=1016&TRM=ppn+502988711&sourceid=fbw_bibsonomy},
  year = 2006
}
@article{Marquadrt:1963,
author = {Marquardt, Donald W.},
title = {An Algorithm for Least-Squares Estimation of Nonlinear Parameters},
journal = {Journal of the Society for Industrial and Applied Mathematics},
volume = {11},
number = {2},
pages = {431-441},
year = {1963},
}

@article{Levenberg:1944,
 ISSN = {0033569X, 15524485},
 URL = {http://www.jstor.org/stable/43633451},
 author = {Kenneth Levenberg},
 journal = {Quarterly of Applied Mathematics},
 number = {2},
 pages = {164--168},
 publisher = {Brown University},
 title = {A Method for The Solution of Certain Non-Linear Problems in Least Squares},
 urldate = {2024-11-26},
 volume = {2},
 year = {1944}
}

@misc{Nielsen:1999,
      author = {Hans Bruun Nielsen},
      title = {Damping Parameters in Marquardt's Method},
      howpublished = {\url{https://www2.imm.dtu.dk/documents/ftp/tr99/tr05_99.pdf}},
      note = {Accessed: 2024-11-26},
      year = {1999},
}
