@inproceedings{Marschner:2003,
 author = {Marschner, Stephen R. and Jensen, Henrik Wann and Cammarano, Mike and Worley, Steve and Hanrahan, Pat},
 title = {Light scattering from human hair fibers},
 booktitle = {ACM SIGGRAPH 2003 Papers},
 series = {SIGGRAPH '03},
 year = {2003},
 isbn = {1-58113-709-5},
 location = {San Diego, California},
 pages = {780--791},
 numpages = {12},
 url = {http://doi.acm.org/10.1145/1201775.882345},
 doi = {http://doi.acm.org/10.1145/1201775.882345},
 acmid = {882345},
 publisher = {ACM},
 address = {New York, NY, USA},
 keywords = {fibers, hair, optical scattering, rendering},
}