@article{Gareth:2004,
   title={General state space {Markov} chains and {MCMC} algorithms},
   volume={1},
   ISSN={1549-5787},
   url={http://dx.doi.org/10.1214/154957804100000024},
   DOI={10.1214/154957804100000024},
   number={none},
   journal={Probability Surveys},
   publisher={Institute of Mathematical Statistics},
   author={Roberts, Gareth O. and Rosenthal, Jeffrey S.},
   year={2004},
   month={Jan}
}

@article{Andrieu:2003,
  added-at = {2016-11-26T13:19:29.000+0100},
  author = {Andrieu, Christophe and de Freitas, Nando and Doucet, Arnaud and Jordan, Michael I.},
  biburl = {https://www.bibsonomy.org/bibtex/26156c1d21e3a2e0898501a01ee8880f5/machinelearning},
  date-added = {2006-12-05 09:44:22 -0800},
  date-modified = {2006-12-05 09:52:31 -0800},
  interhash = {9472a63cb58f414b99668bf8b5ee8acd},
  intrahash = {6156c1d21e3a2e0898501a01ee8880f5},
  journal = {Machine Learning},
  keywords = {filtering ml particle simulation, stochastic},
  number = {1--2},
  pages = {5--43},
  timestamp = {2016-11-26T13:20:49.000+0100},
  title = {An Introduction to {MCMC} for Machine Learning},
  volume = 50,
  year = 2003
}

@article{Neal:2011,
  author = {Neal, Radford M.},
  biburl = {https://www.bibsonomy.org/bibtex/233fcb1d5a6d675e371170820f0b4dbcd/giacomo.fiumara},
  citeulike-article-id = {12118398},
  interhash = {f26b3ec7720399d06a5c271916a0ee92},
  intrahash = {33fcb1d5a6d675e371170820f0b4dbcd},
  journal = {Handbook of Markov Chain Monte Carlo},
  keywords = {Markov MonteCarlo},
  pages = {113--162},
  posted-at = {2013-03-06 23:35:00},
  priority = {2},
  timestamp = {2013-11-20T16:22:16.000+0100},
  title = {{MCMC} Using {Hamiltonian} Dynamics},
  volume = 54,
  year = 2011
}

@misc{Seita:2017,
  author = {Daniel Seita},  
  title = {On the Momentum Sign Flipping for {Hamiltonian Monte Carlo}},
  howpublished = {\url{https://danieltakeshi.github.io/2017/12/18/on-the-momentum-sign-flipping-for-hamiltonian-monte-carlo/}},
  note = {Accessed: 2022-01-31},
  year = 2017
}

@misc{Khungurn:2022,
  author = {Pramook Khungurn},
  title = {Probability Density under Transformation},
  howpublished = {\url{https://pkhungurn.github.io/notes/notes/gfx/pdf-transform/pdf-transform.pdf}},
  note = {Accessed: 2022-02-01},
  year = 2022
}

@misc{Young:2014,
  author = {Peter Young},
  title = {The leapfrog method and other ``symplectic'' algorithms for integrating {Newton's} laws of motion},
  howpublished = {\url{https://young.physics.ucsc.edu/115/leapfrog.pdf}},
  note = {Accessed: 2022-02-04},
  year = 2014
}