@misc{Aigerman:2022,
      title={Neural Jacobian Fields: Learning Intrinsic Mappings of Arbitrary Meshes}, 
      author={Noam Aigerman and Kunal Gupta and Vladimir G. Kim and Siddhartha Chaudhuri and Jun Saito and Thibault Groueix},
      year={2022},
      eprint={2205.02904},
      archivePrefix={arXiv},
      primaryClass={cs.GR},
      url={https://arxiv.org/abs/2205.02904}, 
}

@misc{Qi:PointNet:2017,
      title={PointNet: Deep Learning on Point Sets for 3D Classification and Segmentation}, 
      author={Charles R. Qi and Hao Su and Kaichun Mo and Leonidas J. Guibas},
      year={2017},
      eprint={1612.00593},
      archivePrefix={arXiv},
      primaryClass={cs.CV},
      url={https://arxiv.org/abs/1612.00593}, 
}

@INPROCEEDINGS{Aubry:WKS:2011,

  author={Aubry, Mathieu and Schlickewei, Ulrich and Cremers, Daniel},

  booktitle={2011 IEEE International Conference on Computer Vision Workshops (ICCV Workshops)}, 

  title={The wave kernel signature: A quantum mechanical approach to shape analysis}, 

  year={2011},

  volume={},

  number={},

  pages={1626-1633},

  doi={10.1109/ICCVW.2011.6130444}}
