@article{Kettunen:2015,
 author = {Kettunen, Markus and Manzi, Marco and Aittala, Miika and Lehtinen, Jaakko and Durand, Fr{\'e}do and Zwicker, Matthias},
 title = {Gradient-domain Path Tracing},
 journal = {ACM Trans. Graph.},
 issue_date = {August 2015},
 volume = {34},
 number = {4},
 month = jul,
 year = {2015},
 issn = {0730-0301},
 pages = {123:1--123:13},
 articleno = {123},
 numpages = {13},
 url = {http://doi.acm.org/10.1145/2766997},
 doi = {10.1145/2766997},
 acmid = {2766997},
 publisher = {ACM},
 address = {New York, NY, USA},
 keywords = {global illumination, gradient-domain, light transport, path tracing},
} 

@article{Manzi:2014,
 author = {Manzi, Marco and Rousselle, Fabrice and Kettunen, Markus and Lehtinen, Jaakko and Zwicker, Matthias},
 title = {Improved Sampling for Gradient-domain Metropolis Light Transport},
 journal = {ACM Trans. Graph.},
 issue_date = {November 2014},
 volume = {33},
 number = {6},
 month = nov,
 year = {2014},
 issn = {0730-0301},
 pages = {178:1--178:12},
 articleno = {178},
 numpages = {12},
 url = {http://doi.acm.org/10.1145/2661229.2661291},
 doi = {10.1145/2661229.2661291},
 acmid = {2661291},
 publisher = {ACM},
 address = {New York, NY, USA},
 keywords = {global illumination, metropolis light transport},
} 

